{"stream": "bnbbtc@bookTicker", "data": {"u": 3590814179, "s": "BNBBTC", "b": "0.00899500", "B": "15.33700000", "a": "0.00899600", "A": "3.66200000"}}
{"stream": "bnbbtc@bookTicker", "data": {"u": 3590814181, "s": "BNBBTC", "b": "0.00899500", "B": "16.27200000", "a": "0.00899600", "A": "3.66200000"}}
{"stream": "bnbbtc@depth@100ms", "data": {"e": "depthUpdate", "E": 1726869754602, "s": "BNBBTC", "U": 3590814175, "u": 3590814181, "b": [["0.00899500", "16.27200000"], ["0.00899200", "15.14900000"], ["0.00899000", "11.84700000"]], "a": [["0.00899600", "3.66200000"], ["0.00899700", "5.52900000"], ["0.00899800", "5.31000000"], ["0.00900000", "14.90900000"]]}}
{"stream": "bnbbtc@bookTicker", "data": {"u": 3590814185, "s": "BNBBTC", "b": "0.00899500", "B": "16.27200000", "a": "0.00899600", "A": "3.64000000"}}
{"stream": "bnbbtc@bookTicker", "data": {"u": 3590814186, "s": "BNBBTC", "b": "0.00899500", "B": "16.44700000", "a": "0.00899600", "A": "3.64000000"}}
{"stream": "bnbbtc@depth@100ms", "data": {"e": "depthUpdate", "E": 1726869754702, "s": "BNBBTC", "U": 3590814182, "u": 3590814188, "b": [["0.00899500", "16.44700000"]], "a": [["0.00899600", "3.64000000"], ["0.00899700", "2.52900000"], ["0.00899800", "2.49600000"], ["0.00899900", "5.62100000"], ["0.00900000", "14.04400000"]]}}
{"stream": "bnbbtc@depth@100ms", "data": {"e": "depthUpdate", "E": 1726869754802, "s": "BNBBTC", "U": 3590814189, "u": 3590814192, "b": [["0.00899400", "11.17800000"], ["0.00899200", "11.28000000"]], "a": [["0.00899700", "2.08300000"], ["0.00900000", "8.15100000"]]}}
{"stream": "bnbbtc@bookTicker", "data": {"u": 3590814193, "s": "BNBBTC", "b": "0.00899500", "B": "19.43400000", "a": "0.00899600", "A": "3.64000000"}}
{"stream": "bnbbtc@bookTicker", "data": {"u": 3590814194, "s": "BNBBTC", "b": "0.00899500", "B": "19.43400000", "a": "0.00899600", "A": "1.09300000"}}
{"stream": "bnbbtc@bookTicker", "data": {"u": 3590814197, "s": "BNBBTC", "b": "0.00899500", "B": "19.43400000", "a": "0.00899600", "A": "0.07000000"}}
{"stream": "bnbbtc@bookTicker", "data": {"u": 3590814200, "s": "BNBBTC", "b": "0.00899500", "B": "19.50800000", "a": "0.00899600", "A": "0.07000000"}}
{"stream": "bnbbtc@depth@100ms", "data": {"e": "depthUpdate", "E": 1726869754902, "s": "BNBBTC", "U": 3590814193, "u": 3590814200, "b": [["0.00899500", "19.50800000"]], "a": [["0.00899600", "0.07000000"], ["0.00899800", "2.05000000"], ["0.00899900", "5.17500000"], ["0.00900000", "7.70500000"], ["0.00900700", "6.16900000"]]}}
{"stream": "bnbbtc@trade", "data": {"e": "trade", "E": 1726869754904, "s": "BNBBTC", "t": 258626385, "p": "0.00899600", "q": "0.07000000", "T": 1726869754903, "m": false, "M": true}}
{"stream": "bnbbtc@bookTicker", "data": {"u": 3590814201, "s": "BNBBTC", "b": "0.00899600", "B": "0.61300000", "a": "0.00899700", "A": "2.08300000"}}
{"stream": "bnbbtc@bookTicker", "data": {"u": 3590814204, "s": "BNBBTC", "b": "0.00899600", "B": "5.69600000", "a": "0.00899700", "A": "2.08300000"}}
{"stream": "bnbbtc@bookTicker", "data": {"u": 3590814207, "s": "BNBBTC", "b": "0.00899600", "B": "5.69600000", "a": "0.00899700", "A": "3.10600000"}}
{"stream": "bnbbtc@bookTicker", "data": {"u": 3590814208, "s": "BNBBTC", "b": "0.00899600", "B": "6.07600000", "a": "0.00899700", "A": "3.10600000"}}
{"stream": "bnbbtc@bookTicker", "data": {"u": 3590814209, "s": "BNBBTC", "b": "0.00899600", "B": "8.90800000", "a": "0.00899700", "A": "3.10600000"}}
{"stream": "bnbbtc@bookTicker", "data": {"u": 3590814210, "s": "BNBBTC", "b": "0.00899600", "B": "9.08300000", "a": "0.00899700", "A": "3.10600000"}}
{"stream": "bnbbtc@bookTicker", "data": {"u": 3590814211, "s": "BNBBTC", "b": "0.00899600", "B": "9.08300000", "a": "0.00899700", "A": "2.08300000"}}
{"stream": "bnbbtc@depth@100ms", "data": {"e": "depthUpdate", "E": 1726869755002, "s": "BNBBTC", "U": 3590814201, "u": 3590814214, "b": [["0.00899600", "9.08300000"], ["0.00899500", "13.68900000"]], "a": [["0.00899600", "0.00000000"], ["0.00899700", "2.08300000"], ["0.00900100", "5.42900000"], ["0.00900200", "22.39600000"], ["0.00916800", "23.13900000"], ["0.00948500", "5.63400000"]]}}
{"stream": "bnbbtc@bookTicker", "data": {"u": 3590814215, "s": "BNBBTC", "b": "0.00899600", "B": "12.06900000", "a": "0.00899700", "A": "2.08300000"}}
{"stream": "bnbbtc@depth@100ms", "data": {"e": "depthUpdate", "E": 1726869755102, "s": "BNBBTC", "U": 3590814215, "u": 3590814217, "b": [["0.00899600", "12.06900000"], ["0.00899500", "11.41500000"]], "a": [["0.00899800", "4.72700000"]]}}
{"stream": "bnbbtc@bookTicker", "data": {"u": 3590814219, "s": "BNBBTC", "b": "0.00899600", "B": "12.06900000", "a": "0.00899700", "A": "2.06100000"}}
{"stream": "bnbbtc@bookTicker", "data": {"u": 3590814220, "s": "BNBBTC", "b": "0.00899600", "B": "12.06900000", "a": "0.00899700", "A": "3.08400000"}}
{"stream": "bnbbtc@bookTicker", "data": {"u": 3590814221, "s": "BNBBTC", "b": "0.00899600", "B": "12.06900000", "a": "0.00899700", "A": "2.06100000"}}
{"stream": "bnbbtc@trade", "data": {"e": "trade", "E": 1726869755201, "s": "BNBBTC", "t": 258626386, "p": "0.00899700", "q": "0.50000000", "T": 1726869755200, "m": false, "M": true}}
{"stream": "bnbbtc@trade", "data": {"e": "trade", "E": 1726869755201, "s": "BNBBTC", "t": 258626387, "p": "0.00899700", "q": "0.40000000", "T": 1726869755200, "m": false, "M": true}}
{"stream": "bnbbtc@trade", "data": {"e": "trade", "E": 1726869755201, "s": "BNBBTC", "t": 258626388, "p": "0.00899700", "q": "0.15000000", "T": 1726869755200, "m": false, "M": true}}
{"stream": "bnbbtc@trade", "data": {"e": "trade", "E": 1726869755201, "s": "BNBBTC", "t": 258626389, "p": "0.00899700", "q": "0.25000000", "T": 1726869755200, "m": false, "M": true}}
{"stream": "bnbbtc@trade", "data": {"e": "trade", "E": 1726869755201, "s": "BNBBTC", "t": 258626390, "p": "0.00899700", "q": "0.51100000", "T": 1726869755200, "m": false, "M": true}}
{"stream": "bnbbtc@trade", "data": {"e": "trade", "E": 1726869755201, "s": "BNBBTC", "t": 258626391, "p": "0.00899700", "q": "0.25000000", "T": 1726869755200, "m": false, "M": true}}
{"stream": "bnbbtc@bookTicker", "data": {"u": 3590814233, "s": "BNBBTC", "b": "0.00899600", "B": "12.06900000", "a": "0.00899800", "A": "4.72700000"}}
{"stream": "bnbbtc@bookTicker", "data": {"u": 3590814234, "s": "BNBBTC", "b": "0.00899600", "B": "12.77300000", "a": "0.00899800", "A": "4.72700000"}}
{"stream": "bnbbtc@depth@100ms", "data": {"e": "depthUpdate", "E": 1726869755202, "s": "BNBBTC", "U": 3590814218, "u": 3590814234, "b": [["0.00899600", "12.77300000"], ["0.00899500", "16.07100000"], ["0.00899400", "7.30900000"], ["0.00899300", "11.80200000"], ["0.00899000", "11.54700000"]], "a": [["0.00899700", "0.00000000"], ["0.00900000", "3.83600000"], ["0.00900200", "24.87000000"], ["0.00900400", "7.33800000"], ["0.00900600", "5.19300000"], ["0.00901100", "7.42700000"], ["0.00901700", "51.15500000"]]}}
{"stream": "bnbbtc@bookTicker", "data": {"u": 3590814236, "s": "BNBBTC", "b": "0.00899700", "B": "0.74400000", "a": "0.00899800", "A": "4.72700000"}}
{"stream": "bnbbtc@bookTicker", "data": {"u": 3590814241, "s": "BNBBTC", "b": "0.00899700", "B": "0.91900000", "a": "0.00899800", "A": "4.72700000"}}
{"stream": "bnbbtc@bookTicker", "data": {"u": 3590814244, "s": "BNBBTC", "b": "0.00899700", "B": "1.30500000", "a": "0.00899800", "A": "4.72700000"}}
{"stream": "bnbbtc@bookTicker", "data": {"u": 3590814245, "s": "BNBBTC", "b": "0.00899700", "B": "3.33100000", "a": "0.00899800", "A": "4.72700000"}}
{"stream": "bnbbtc@bookTicker", "data": {"u": 3590814246, "s": "BNBBTC", "b": "0.00899700", "B": "5.21000000", "a": "0.00899800", "A": "4.72700000"}}
{"stream": "bnbbtc@bookTicker", "data": {"u": 3590814249, "s": "BNBBTC", "b": "0.00899700", "B": "8.04200000", "a": "0.00899800", "A": "4.72700000"}}
{"stream": "bnbbtc@bookTicker", "data": {"u": 3590814252, "s": "BNBBTC", "b": "0.00899700", "B": "10.58400000", "a": "0.00899800", "A": "4.72700000"}}
{"stream": "bnbbtc@depth@100ms", "data": {"e": "depthUpdate", "E": 1726869755302, "s": "BNBBTC", "U": 3590814235, "u": 3590814254, "b": [["0.00899700", "10.58400000"], ["0.00899600", "3.62100000"], ["0.00899500", "11.41500000"]], "a": [["0.00900000", "2.27500000"], ["0.00900200", "14.13300000"], ["0.00900500", "9.03000000"], ["0.00900900", "5.23300000"], ["0.00901100", "28.24800000"]]}}
{"stream": "bnbbtc@bookTicker", "data": {"u": 3590814259, "s": "BNBBTC", "b": "0.00899700", "B": "10.58400000", "a": "0.00899800", "A": "2.05000000"}}
{"stream": "bnbbtc@depth@100ms", "data": {"e": "depthUpdate", "E": 1726869755402, "s": "BNBBTC", "U": 3590814255, "u": 3590814267, "b": [["0.00899600", "7.97700000"], ["0.00899300", "14.80200000"], ["0.00895100", "2.38900000"]], "a": [["0.00899800", "2.05000000"], ["0.00899900", "2.17500000"], ["0.00900100", "5.70500000"], ["0.00900200", "3.78000000"], ["0.00900400", "11.20700000"], ["0.00900600", "8.56800000"], ["0.00904100", "4.56300000"]]}}
{"stream": "bnbbtc@depth@100ms", "data": {"e": "depthUpdate", "E": 1726869755502, "s": "BNBBTC", "U": 3590814268, "u": 3590814276, "b": [["0.00899600", "23.01600000"], ["0.00899500", "11.41500000"]], "a": [["0.00900500", "10.66900000"], ["0.00901700", "16.58800000"], ["0.00902200", "2.35000000"], ["0.00902400", "38.56200000"], ["0.00917100", "47.35200000"], ["0.00948500", "0.64000000"]]}}
{"stream": "bnbbtc@bookTicker", "data": {"u": 3590814285, "s": "BNBBTC", "b": "0.00899700", "B": "15.21700000", "a": "0.00899800", "A": "2.05000000"}}
{"stream": "bnbbtc@depth@100ms", "data": {"e": "depthUpdate", "E": 1726869755602, "s": "BNBBTC", "U": 3590814277, "u": 3590814286, "b": [["0.00899700", "15.21700000"], ["0.00899500", "15.28400000"], ["0.00899300", "12.76500000"], ["0.00899000", "11.84700000"]], "a": [["0.00900200", "15.10800000"], ["0.00900300", "35.81100000"], ["0.00900400", "7.33800000"], ["0.00901600", "2.32500000"]]}}
{"stream": "bnbbtc@depth@100ms", "data": {"e": "depthUpdate", "E": 1726869755702, "s": "BNBBTC", "U": 3590814287, "u": 3590814293, "b": [["0.00899000", "9.81000000"]], "a": [["0.00899900", "5.09300000"], ["0.00900100", "7.34400000"], ["0.00900200", "9.78400000"], ["0.00900300", "37.56900000"], ["0.00900500", "9.03000000"], ["0.00900600", "10.02300000"]]}}
{"stream": "bnbbtc@bookTicker", "data": {"u": 3590814294, "s": "BNBBTC", "b": "0.00899700", "B": "15.21700000", "a": "0.00899800", "A": "4.31500000"}}
{"stream": "bnbbtc@bookTicker", "data": {"u": 3590814295, "s": "BNBBTC", "b": "0.00899700", "B": "13.33800000", "a": "0.00899800", "A": "4.31500000"}}
{"stream": "bnbbtc@bookTicker", "data": {"u": 3590814296, "s": "BNBBTC", "b": "0.00899700", "B": "11.31200000", "a": "0.00899800", "A": "4.31500000"}}
{"stream": "bnbbtc@bookTicker", "data": {"u": 3590814298, "s": "BNBBTC", "b": "0.00899700", "B": "6.67900000", "a": "0.00899800", "A": "4.31500000"}}
{"stream": "bnbbtc@bookTicker", "data": {"u": 3590814299, "s": "BNBBTC", "b": "0.00899700", "B": "6.29300000", "a": "0.00899800", "A": "4.31500000"}}
{"stream": "bnbbtc@bookTicker", "data": {"u": 3590814306, "s": "BNBBTC", "b": "0.00899700", "B": "3.46100000", "a": "0.00899800", "A": "4.31500000"}}
{"stream": "bnbbtc@bookTicker", "data": {"u": 3590814307, "s": "BNBBTC", "b": "0.00899700", "B": "3.46100000", "a": "0.00899800", "A": "4.33700000"}}
{"stream": "bnbbtc@bookTicker", "data": {"u": 3590814308, "s": "BNBBTC", "b": "0.00899700", "B": "3.28600000", "a": "0.00899800", "A": "4.33700000"}}
{"stream": "bnbbtc@depth@100ms", "data": {"e": "depthUpdate", "E": 1726869755802, "s": "BNBBTC", "U": 3590814294, "u": 3590814315, "b": [["0.00899700", "3.28600000"], ["0.00899600", "0.17500000"], ["0.00899500", "8.54300000"], ["0.00899300", "16.63400000"]], "a": [["0.00899800", "4.33700000"], ["0.00899900", "2.17500000"], ["0.00900000", "8.59600000"], ["0.00901500", "7.56800000"], ["0.00901700", "13.68100000"]]}}
{"stream": "bnbbtc@depth@100ms", "data": {"e": "depthUpdate", "E": 1726869755902, "s": "BNBBTC", "U": 3590814316, "u": 3590814318, "b": [["0.00899500", "10.30400000"], ["0.00899300", "13.63400000"]], "a": [["0.00899900", "5.17500000"]]}}
{"stream": "bnbbtc@bookTicker", "data": {"u": 3590814322, "s": "BNBBTC", "b": "0.00899700", "B": "3.28600000", "a": "0.00899800", "A": "4.39600000"}}
{"stream": "bnbbtc@depth@100ms", "data": {"e": "depthUpdate", "E": 1726869756002, "s": "BNBBTC", "U": 3590814319, "u": 3590814322, "b": [["0.00899600", "2.27900000"], ["0.00898300", "26.97100000"], ["0.00897900", "7.81500000"]], "a": [["0.00899800", "4.39600000"], ["0.00900300", "35.81100000"]]}}
{"stream": "bnbbtc@depth@100ms", "data": {"e": "depthUpdate", "E": 1726869756102, "s": "BNBBTC", "U": 3590814323, "u": 3590814326, "b": [["0.00899600", "4.03700000"]], "a": [["0.00900000", "12.46500000"], ["0.00900100", "5.70500000"], ["0.00900300", "37.45000000"]]}}
{"stream": "bnbbtc@depth@100ms", "data": {"e": "depthUpdate", "E": 1726869756202, "s": "BNBBTC", "U": 3590814327, "u": 3590814327, "b": [["0.00899600", "4.28700000"]], "a": []}}
{"stream": "bnbbtc@depth@100ms", "data": {"e": "depthUpdate", "E": 1726869756302, "s": "BNBBTC", "U": 3590814328, "u": 3590814328, "b": [["0.00899500", "12.36500000"]], "a": []}}
{"stream": "bnbbtc@bookTicker", "data": {"u": 3590814334, "s": "BNBBTC", "b": "0.00899700", "B": "3.28600000", "a": "0.00899800", "A": "4.33700000"}}
{"stream": "bnbbtc@depth@100ms", "data": {"e": "depthUpdate", "E": 1726869756402, "s": "BNBBTC", "U": 3590814329, "u": 3590814335, "b": [["0.00899600", "4.11200000"], ["0.00899000", "11.84700000"]], "a": [["0.00899800", "4.33700000"], ["0.00899900", "5.22200000"], ["0.00900000", "8.59600000"], ["0.00900100", "2.70500000"], ["0.00902200", "78.43800000"]]}}
{"stream": "bnbbtc@bookTicker", "data": {"u": 3590814342, "s": "BNBBTC", "b": "0.00899700", "B": "3.66900000", "a": "0.00899800", "A": "4.33700000"}}
{"stream": "bnbbtc@bookTicker", "data": {"u": 3590814346, "s": "BNBBTC", "b": "0.00899700", "B": "4.76900000", "a": "0.00899800", "A": "4.33700000"}}
{"stream": "bnbbtc@bookTicker", "data": {"u": 3590814350, "s": "BNBBTC", "b": "0.00899700", "B": "4.76900000", "a": "0.00899800", "A": "4.37400000"}}
{"stream": "bnbbtc@depth@100ms", "data": {"e": "depthUpdate", "E": 1726869756502, "s": "BNBBTC", "U": 3590814336, "u": 3590814350, "b": [["0.00899700", "4.76900000"], ["0.00899500", "12.19000000"], ["0.00899100", "7.21800000"]], "a": [["0.00899800", "4.37400000"], ["0.00899900", "5.17500000"], ["0.00900000", "2.27500000"], ["0.00900100", "2.32500000"], ["0.00900200", "2.32500000"], ["0.00900300", "34.93500000"], ["0.00900400", "9.09600000"], ["0.00900500", "7.63500000"]]}}
{"stream": "bnbbtc@bookTicker", "data": {"u": 3590814351, "s": "BNBBTC", "b": "0.00899700", "B": "4.38600000", "a": "0.00899800", "A": "4.37400000"}}
{"stream": "bnbbtc@bookTicker", "data": {"u": 3590814353, "s": "BNBBTC", "b": "0.00899700", "B": "3.28600000", "a": "0.00899800", "A": "4.37400000"}}
{"stream": "bnbbtc@depth@100ms", "data": {"e": "depthUpdate", "E": 1726869756602, "s": "BNBBTC", "U": 3590814351, "u": 3590814356, "b": [["0.00899700", "3.28600000"], ["0.00899600", "1.49000000"]], "a": [["0.00900000", "5.18800000"]]}}
{"stream": "bnbbtc@depth@100ms", "data": {"e": "depthUpdate", "E": 1726869756702, "s": "BNBBTC", "U": 3590814357, "u": 3590814360, "b": [["0.00899600", "4.13300000"], ["0.00899100", "8.85700000"]], "a": [["0.00900000", "9.05700000"], ["0.00900200", "16.71400000"]]}}
{"stream": "bnbbtc@depth@100ms", "data": {"e": "depthUpdate", "E": 1726869756802, "s": "BNBBTC", "U": 3590814361, "u": 3590814362, "b": [], "a": [["0.00900100", "5.23100000"], ["0.00901400", "13.96500000"]]}}
{"stream": "bnbbtc@depth@100ms", "data": {"e": "depthUpdate", "E": 1726869756902, "s": "BNBBTC", "U": 3590814363, "u": 3590814363, "b": [["0.00899600", "6.55200000"]], "a": []}}
{"stream": "bnbbtc@bookTicker", "data": {"u": 3590814364, "s": "BNBBTC", "b": "0.00899700", "B": "3.66700000", "a": "0.00899800", "A": "4.37400000"}}
{"stream": "bnbbtc@depth@100ms", "data": {"e": "depthUpdate", "E": 1726869757002, "s": "BNBBTC", "U": 3590814364, "u": 3590814364, "b": [["0.00899700", "3.66700000"]], "a": []}}
{"stream": "bnbbtc@bookTicker", "data": {"u": 3590814367, "s": "BNBBTC", "b": "0.00899700", "B": "3.28600000", "a": "0.00899800", "A": "4.37400000"}}
{"stream": "bnbbtc@bookTicker", "data": {"u": 3590814368, "s": "BNBBTC", "b": "0.00899700", "B": "3.28600000", "a": "0.00899800", "A": "4.35200000"}}
{"stream": "bnbbtc@bookTicker", "data": {"u": 3590814369, "s": "BNBBTC", "b": "0.00899700", "B": "3.46100000", "a": "0.00899800", "A": "4.35200000"}}
{"stream": "bnbbtc@bookTicker", "data": {"u": 3590814370, "s": "BNBBTC", "b": "0.00899700", "B": "6.29300000", "a": "0.00899800", "A": "4.35200000"}}
{"stream": "bnbbtc@depth@100ms", "data": {"e": "depthUpdate", "E": 1726869757202, "s": "BNBBTC", "U": 3590814365, "u": 3590814370, "b": [["0.00899700", "6.29300000"]], "a": [["0.00899800", "4.35200000"], ["0.00900000", "5.18800000"], ["0.00900400", "7.33800000"]]}}
{"stream": "bnbbtc@bookTicker", "data": {"u": 3590814371, "s": "BNBBTC", "b": "0.00899700", "B": "6.29300000", "a": "0.00899800", "A": "4.31500000"}}
{"stream": "bnbbtc@depth@100ms", "data": {"e": "depthUpdate", "E": 1726869757302, "s": "BNBBTC", "U": 3590814371, "u": 3590814378, "b": [["0.00899600", "7.05200000"]], "a": [["0.00899800", "4.31500000"], ["0.00900000", "5.22500000"], ["0.00900300", "10.57500000"], ["0.00900400", "8.79300000"], ["0.00900600", "8.56800000"], ["0.00900700", "28.89000000"]]}}
{"stream": "bnbbtc@bookTicker", "data": {"u": 3590814379, "s": "BNBBTC", "b": "0.00899700", "B": "6.67500000", "a": "0.00899800", "A": "4.31500000"}}
{"stream": "bnbbtc@bookTicker", "data": {"u": 3590814388, "s": "BNBBTC", "b": "0.00899700", "B": "6.67500000", "a": "0.00899800", "A": "4.35200000"}}
{"stream": "bnbbtc@depth@100ms", "data": {"e": "depthUpdate", "E": 1726869757402, "s": "BNBBTC", "U": 3590814379, "u": 3590814388, "b": [["0.00899700", "6.67500000"], ["0.00899500", "14.22700000"], ["0.00899300", "9.76500000"], ["0.00899200", "13.01700000"], ["0.00899000", "9.81000000"]], "a": [["0.00899800", "4.35200000"], ["0.00899900", "5.17500000"], ["0.00900000", "5.18800000"], ["0.00900300", "9.70100000"], ["0.00901500", "2.32500000"], ["0.00902000", "9.21100000"]]}}
{"stream": "bnbbtc@bookTicker", "data": {"u": 3590814390, "s": "BNBBTC", "b": "0.00899700", "B": "9.14200000", "a": "0.00899800", "A": "4.35200000"}}
{"stream": "bnbbtc@bookTicker", "data": {"u": 3590814394, "s": "BNBBTC", "b": "0.00899700", "B": "9.14200000", "a": "0.00899800", "A": "2.08700000"}}
{"stream": "bnbbtc@trade", "data": {"e": "trade", "E": 1726869757419, "s": "BNBBTC", "t": 258626392, "p": "0.00899800", "q": "0.25000000", "T": 1726869757419, "m": false, "M": true}}
{"stream": "bnbbtc@trade", "data": {"e": "trade", "E": 1726869757419, "s": "BNBBTC", "t": 258626393, "p": "0.00899800", "q": "0.50000000", "T": 1726869757419, "m": false, "M": true}}
{"stream": "bnbbtc@trade", "data": {"e": "trade", "E": 1726869757419, "s": "BNBBTC", "t": 258626394, "p": "0.00899800", "q": "0.40000000", "T": 1726869757419, "m": false, "M": true}}
{"stream": "bnbbtc@trade", "data": {"e": "trade", "E": 1726869757419, "s": "BNBBTC", "t": 258626395, "p": "0.00899800", "q": "0.50000000", "T": 1726869757419, "m": false, "M": true}}
{"stream": "bnbbtc@trade", "data": {"e": "trade", "E": 1726869757419, "s": "BNBBTC", "t": 258626396, "p": "0.00899800", "q": "0.25000000", "T": 1726869757419, "m": false, "M": true}}
{"stream": "bnbbtc@trade", "data": {"e": "trade", "E": 1726869757419, "s": "BNBBTC", "t": 258626397, "p": "0.00899800", "q": "0.15000000", "T": 1726869757419, "m": false, "M": true}}
{"stream": "bnbbtc@trade", "data": {"e": "trade", "E": 1726869757419, "s": "BNBBTC", "t": 258626398, "p": "0.00899800", "q": "0.03700000", "T": 1726869757419, "m": false, "M": true}}
{"stream": "bnbbtc@bookTicker", "data": {"u": 3590814395, "s": "BNBBTC", "b": "0.00899700", "B": "9.14200000", "a": "0.00899900", "A": "5.17500000"}}
{"stream": "bnbbtc@bookTicker", "data": {"u": 3590814396, "s": "BNBBTC", "b": "0.00899700", "B": "9.14200000", "a": "0.00899900", "A": "5.19700000"}}
{"stream": "bnbbtc@bookTicker", "data": {"u": 3590814397, "s": "BNBBTC", "b": "0.00899700", "B": "6.67500000", "a": "0.00899900", "A": "5.19700000"}}
{"stream": "bnbbtc@bookTicker", "data": {"u": 3590814398, "s": "BNBBTC", "b": "0.00899800", "B": "2.31500000", "a": "0.00899900", "A": "5.19700000"}}
{"stream": "bnbbtc@bookTicker", "data": {"u": 3590814399, "s": "BNBBTC", "b": "0.00899800", "B": "4.45900000", "a": "0.00899900", "A": "5.19700000"}}
{"stream": "bnbbtc@bookTicker", "data": {"u": 3590814400, "s": "BNBBTC", "b": "0.00899800", "B": "4.84300000", "a": "0.00899900", "A": "5.19700000"}}
{"stream": "bnbbtc@bookTicker", "data": {"u": 3590814401, "s": "BNBBTC", "b": "0.00899800", "B": "8.16000000", "a": "0.00899900", "A": "5.19700000"}}
{"stream": "bnbbtc@bookTicker", "data": {"u": 3590814402, "s": "BNBBTC", "b": "0.00899800", "B": "8.17900000", "a": "0.00899900", "A": "5.19700000"}}
{"stream": "bnbbtc@bookTicker", "data": {"u": 3590814404, "s": "BNBBTC", "b": "0.00899800", "B": "8.19800000", "a": "0.00899900", "A": "5.19700000"}}
{"stream": "bnbbtc@bookTicker", "data": {"u": 3590814405, "s": "BNBBTC", "b": "0.00899800", "B": "8.37300000", "a": "0.00899900", "A": "5.19700000"}}
{"stream": "bnbbtc@depth@100ms", "data": {"e": "depthUpdate", "E": 1726869757502, "s": "BNBBTC", "U": 3590814389, "u": 3590814406, "b": [["0.00899800", "8.37300000"], ["0.00899700", "6.67500000"]], "a": [["0.00899800", "0.00000000"], ["0.00899900", "5.19700000"], ["0.00900000", "2.27500000"], ["0.00900200", "6.19400000"], ["0.00900300", "9.25500000"], ["0.00900400", "8.79300000"]]}}
{"stream": "bnbbtc@bookTicker", "data": {"u": 3590814409, "s": "BNBBTC", "b": "0.00899800", "B": "11.20500000", "a": "0.00899900", "A": "5.19700000"}}
{"stream": "bnbbtc@bookTicker", "data": {"u": 3590814412, "s": "BNBBTC", "b": "0.00899800", "B": "11.20500000", "a": "0.00899900", "A": "2.19700000"}}
{"stream": "bnbbtc@depth@100ms", "data": {"e": "depthUpdate", "E": 1726869757602, "s": "BNBBTC", "U": 3590814407, "u": 3590814414, "b": [["0.00899800", "11.20500000"], ["0.00899700", "4.39100000"], ["0.00898300", "25.48800000"], ["0.00898100", "9.57300000"]], "a": [["0.00899900", "2.19700000"], ["0.00900000", "5.27500000"], ["0.00900100", "2.32500000"], ["0.00900200", "12.34600000"]]}}
{"stream": "bnbbtc@bookTicker", "data": {"u": 3590814416, "s": "BNBBTC", "b": "0.00899800", "B": "13.60300000", "a": "0.00899900", "A": "2.19700000"}}
{"stream": "bnbbtc@depth@100ms", "data": {"e": "depthUpdate", "E": 1726869757702, "s": "BNBBTC", "U": 3590814415, "u": 3590814418, "b": [["0.00899800", "13.60300000"], ["0.00899700", "1.84900000"], ["0.00899500", "18.09600000"]], "a": [["0.00900000", "8.40200000"]]}}
{"stream": "bnbbtc@bookTicker", "data": {"u": 3590814419, "s": "BNBBTC", "b": "0.00899800", "B": "13.60300000", "a": "0.00899900", "A": "2.17500000"}}
{"stream": "bnbbtc@depth@100ms", "data": {"e": "depthUpdate", "E": 1726869758102, "s": "BNBBTC", "U": 3590814419, "u": 3590814419, "b": [], "a": [["0.00899900", "2.17500000"]]}}
{"stream": "bnbbtc@depth@100ms", "data": {"e": "depthUpdate", "E": 1726869758202, "s": "BNBBTC", "U": 3590814420, "u": 3590814420, "b": [["0.00899700", "2.24900000"]], "a": []}}
{"stream": "bnbbtc@depth@100ms", "data": {"e": "depthUpdate", "E": 1726869758302, "s": "BNBBTC", "U": 3590814421, "u": 3590814422, "b": [["0.00899600", "7.45200000"], ["0.00899500", "14.22700000"]], "a": []}}
{"stream": "bnbbtc@bookTicker", "data": {"u": 3590814425, "s": "BNBBTC", "b": "0.00899800", "B": "20.16600000", "a": "0.00899900", "A": "2.17500000"}}
{"stream": "bnbbtc@depth@100ms", "data": {"e": "depthUpdate", "E": 1726869801402, "s": "BNBBTC", "U": 3590814820, "u": 3590814820, "b": [], "a": [["0.00902200", "78.43800000"]]}}
{"stream": "bnbbtc@depth@100ms", "data": {"e": "depthUpdate", "E": 1726869801502, "s": "BNBBTC", "U": 3590814821, "u": 3590814821, "b": [["0.00899500", "3.49700000"]], "a": []}}
{"stream": "bnbbtc@depth@100ms", "data": {"e": "depthUpdate", "E": 1726869803502, "s": "BNBBTC", "U": 3590814822, "u": 3590814822, "b": [], "a": [["0.00902200", "2.35000000"]]}}
{"stream": "bnbbtc@depth@100ms", "data": {"e": "depthUpdate", "E": 1726869803602, "s": "BNBBTC", "U": 3590814823, "u": 3590814823, "b": [["0.00899500", "4.14000000"]], "a": []}}
{"stream": "bnbbtc@depth@100ms", "data": {"e": "depthUpdate", "E": 1726869804402, "s": "BNBBTC", "U": 3590814824, "u": 3590814824, "b": [], "a": [["0.00902200", "78.43800000"]]}}
{"stream": "bnbbtc@bookTicker", "data": {"u": 3590814825, "s": "BNBBTC", "b": "0.00899600", "B": "2.23700000", "a": "0.00899700", "A": "5.11500000"}}
{"stream": "bnbbtc@bookTicker", "data": {"u": 3590814826, "s": "BNBBTC", "b": "0.00899600", "B": "2.23700000", "a": "0.00899700", "A": "8.76700000"}}
{"stream": "bnbbtc@bookTicker", "data": {"u": 3590814827, "s": "BNBBTC", "b": "0.00899600", "B": "2.23700000", "a": "0.00899700", "A": "13.23500000"}}
{"stream": "bnbbtc@bookTicker", "data": {"u": 3590814829, "s": "BNBBTC", "b": "0.00899500", "B": "4.14000000", "a": "0.00899700", "A": "13.23500000"}}
{"stream": "bnbbtc@bookTicker", "data": {"u": 3590814830, "s": "BNBBTC", "b": "0.00899500", "B": "3.69400000", "a": "0.00899700", "A": "13.23500000"}}
{"stream": "bnbbtc@trade", "data": {"e": "trade", "E": 1726869805931, "s": "BNBBTC", "t": 258626407, "p": "0.00899600", "q": "0.25000000", "T": 1726869805929, "m": true, "M": true}}
{"stream": "bnbbtc@trade", "data": {"e": "trade", "E": 1726869805931, "s": "BNBBTC", "t": 258626408, "p": "0.00899600", "q": "0.50000000", "T": 1726869805929, "m": true, "M": true}}
{"stream": "bnbbtc@trade", "data": {"e": "trade", "E": 1726869805931, "s": "BNBBTC", "t": 258626409, "p": "0.00899600", "q": "0.40000000", "T": 1726869805929, "m": true, "M": true}}
{"stream": "bnbbtc@trade", "data": {"e": "trade", "E": 1726869805931, "s": "BNBBTC", "t": 258626410, "p": "0.00899600", "q": "0.50000000", "T": 1726869805929, "m": true, "M": true}}
{"stream": "bnbbtc@trade", "data": {"e": "trade", "E": 1726869805931, "s": "BNBBTC", "t": 258626411, "p": "0.00899600", "q": "0.25000000", "T": 1726869805929, "m": true, "M": true}}
{"stream": "bnbbtc@trade", "data": {"e": "trade", "E": 1726869805931, "s": "BNBBTC", "t": 258626412, "p": "0.00899600", "q": "0.15000000", "T": 1726869805929, "m": true, "M": true}}
{"stream": "bnbbtc@trade", "data": {"e": "trade", "E": 1726869805931, "s": "BNBBTC", "t": 258626413, "p": "0.00899600", "q": "0.01200000", "T": 1726869805929, "m": true, "M": true}}
{"stream": "bnbbtc@trade", "data": {"e": "trade", "E": 1726869805931, "s": "BNBBTC", "t": 258626414, "p": "0.00899600", "q": "0.17500000", "T": 1726869805929, "m": true, "M": true}}
{"stream": "bnbbtc@bookTicker", "data": {"u": 3590814831, "s": "BNBBTC", "b": "0.00899500", "B": "3.69400000", "a": "0.00899600", "A": "4.37500000"}}
{"stream": "bnbbtc@bookTicker", "data": {"u": 3590814832, "s": "BNBBTC", "b": "0.00899500", "B": "3.69400000", "a": "0.00899600", "A": "9.15200000"}}
{"stream": "bnbbtc@bookTicker", "data": {"u": 3590814835, "s": "BNBBTC", "b": "0.00899500", "B": "3.69400000", "a": "0.00899600", "A": "9.59800000"}}
{"stream": "bnbbtc@bookTicker", "data": {"u": 3590814836, "s": "BNBBTC", "b": "0.00899500", "B": "3.05100000", "a": "0.00899600", "A": "9.59800000"}}
{"stream": "bnbbtc@bookTicker", "data": {"u": 3590814837, "s": "BNBBTC", "b": "0.00899500", "B": "3.05100000", "a": "0.00899600", "A": "10.15600000"}}
{"stream": "bnbbtc@bookTicker", "data": {"u": 3590814838, "s": "BNBBTC", "b": "0.00899500", "B": "3.22600000", "a": "0.00899600", "A": "10.15600000"}}
{"stream": "bnbbtc@bookTicker", "data": {"u": 3590814840, "s": "BNBBTC", "b": "0.00899500", "B": "3.22600000", "a": "0.00899600", "A": "11.17900000"}}
{"stream": "bnbbtc@bookTicker", "data": {"u": 3590814841, "s": "BNBBTC", "b": "0.00899500", "B": "3.05100000", "a": "0.00899600", "A": "11.17900000"}}
{"stream": "bnbbtc@bookTicker", "data": {"u": 3590814842, "s": "BNBBTC", "b": "0.00899500", "B": "2.32500000", "a": "0.00899600", "A": "11.17900000"}}
{"stream": "bnbbtc@bookTicker", "data": {"u": 3590814843, "s": "BNBBTC", "b": "0.00899500", "B": "2.32500000", "a": "0.00899600", "A": "11.28800000"}}
{"stream": "bnbbtc@depth@100ms", "data": {"e": "depthUpdate", "E": 1726869806005, "s": "BNBBTC", "U": 3590814825, "u": 3590814861, "b": [["0.00899600", "0.00000000"], ["0.00899500", "2.32500000"], ["0.00899400", "2.66800000"], ["0.00899300", "2.90600000"], ["0.00899200", "7.81300000"], ["0.00899100", "5.82700000"], ["0.00898900", "14.60300000"], ["0.00898700", "6.89000000"], ["0.00898600", "16.82700000"]], "a": [["0.00899600", "11.28800000"], ["0.00899700", "11.67200000"], ["0.00899800", "19.59000000"], ["0.00899900", "9.38300000"], ["0.00900100", "7.88100000"], ["0.00900300", "31.74000000"], ["0.00901100", "33.76300000"], ["0.00901700", "8.16600000"]]}}
{"stream": "bnbbtc@bookTicker", "data": {"u": 3590814862, "s": "BNBBTC", "b": "0.00899500", "B": "2.32500000", "a": "0.00899600", "A": "14.12000000"}}
{"stream": "bnbbtc@depth@100ms", "data": {"e": "depthUpdate", "E": 1726869806102, "s": "BNBBTC", "U": 3590814862, "u": 3590814867, "b": [["0.00899200", "16.85100000"]], "a": [["0.00899600", "14.12000000"], ["0.00899700", "19.48200000"], ["0.00901200", "36.51400000"], ["0.00901300", "7.56800000"]]}}
{"stream": "bnbbtc@bookTicker", "data": {"u": 3590814868, "s": "BNBBTC", "b": "0.00899500", "B": "2.32500000", "a": "0.00899600", "A": "14.13900000"}}
{"stream": "bnbbtc@bookTicker", "data": {"u": 3590814874, "s": "BNBBTC", "b": "0.00899500", "B": "2.32500000", "a": "0.00899600", "A": "17.13900000"}}
{"stream": "bnbbtc@bookTicker", "data": {"u": 3590814876, "s": "BNBBTC", "b": "0.00899500", "B": "2.32500000", "a": "0.00899600", "A": "19.72200000"}}
{"stream": "bnbbtc@depth@100ms", "data": {"e": "depthUpdate", "E": 1726869806203, "s": "BNBBTC", "U": 3590814868, "u": 3590814882, "b": [["0.00899400", "5.30200000"], ["0.00899300", "3.35200000"], ["0.00899200", "17.90800000"], ["0.00898800", "6.66000000"], ["0.00895100", "2.38900000"]], "a": [["0.00899600", "19.72200000"], ["0.00899700", "20.26700000"], ["0.00899800", "16.59000000"], ["0.00899900", "9.38300000"], ["0.00904100", "4.56300000"]]}}
{"stream": "bnbbtc@bookTicker", "data": {"u": 3590814883, "s": "BNBBTC", "b": "0.00899400", "B": "5.30200000", "a": "0.00899500", "A": "1.90200000"}}
{"stream": "bnbbtc@trade", "data": {"e": "trade", "E": 1726869806408, "s": "BNBBTC", "t": 258626415, "p": "0.00899500", "q": "0.25000000", "T": 1726869806408, "m": true, "M": true}}
{"stream": "bnbbtc@trade", "data": {"e": "trade", "E": 1726869806408, "s": "BNBBTC", "t": 258626416, "p": "0.00899500", "q": "0.40000000", "T": 1726869806408, "m": true, "M": true}}
{"stream": "bnbbtc@trade", "data": {"e": "trade", "E": 1726869806408, "s": "BNBBTC", "t": 258626417, "p": "0.00899500", "q": "0.50000000", "T": 1726869806408, "m": true, "M": true}}
{"stream": "bnbbtc@trade", "data": {"e": "trade", "E": 1726869806408, "s": "BNBBTC", "t": 258626418, "p": "0.00899500", "q": "0.15000000", "T": 1726869806408, "m": true, "M": true}}
{"stream": "bnbbtc@trade", "data": {"e": "trade", "E": 1726869806408, "s": "BNBBTC", "t": 258626419, "p": "0.00899500", "q": "0.12500000", "T": 1726869806408, "m": true, "M": true}}
{"stream": "bnbbtc@trade", "data": {"e": "trade", "E": 1726869806408, "s": "BNBBTC", "t": 258626420, "p": "0.00899500", "q": "0.10000000", "T": 1726869806408, "m": true, "M": true}}
{"stream": "bnbbtc@trade", "data": {"e": "trade", "E": 1726869806408, "s": "BNBBTC", "t": 258626421, "p": "0.00899500", "q": "0.05000000", "T": 1726869806408, "m": true, "M": true}}
{"stream": "bnbbtc@trade", "data": {"e": "trade", "E": 1726869806408, "s": "BNBBTC", "t": 258626422, "p": "0.00899500", "q": "0.50000000", "T": 1726869806408, "m": true, "M": true}}
{"stream": "bnbbtc@trade", "data": {"e": "trade", "E": 1726869806408, "s": "BNBBTC", "t": 258626423, "p": "0.00899500", "q": "0.25000000", "T": 1726869806408, "m": true, "M": true}}
{"stream": "bnbbtc@bookTicker", "data": {"u": 3590814888, "s": "BNBBTC", "b": "0.00899400", "B": "5.30200000", "a": "0.00899500", "A": "2.34800000"}}
{"stream": "bnbbtc@bookTicker", "data": {"u": 3590814889, "s": "BNBBTC", "b": "0.00899400", "B": "5.30200000", "a": "0.00899500", "A": "3.37100000"}}
{"stream": "bnbbtc@bookTicker", "data": {"u": 3590814890, "s": "BNBBTC", "b": "0.00899400", "B": "5.30200000", "a": "0.00899500", "A": "3.45900000"}}
{"stream": "bnbbtc@bookTicker", "data": {"u": 3590814891, "s": "BNBBTC", "b": "0.00899400", "B": "5.30200000", "a": "0.00899500", "A": "3.47800000"}}
{"stream": "bnbbtc@depth@100ms", "data": {"e": "depthUpdate", "E": 1726869806502, "s": "BNBBTC", "U": 3590814883, "u": 3590814893, "b": [["0.00899500", "0.00000000"], ["0.00899000", "8.96300000"]], "a": [["0.00899500", "3.47800000"], ["0.00899600", "18.68000000"], ["0.00899800", "16.56800000"], ["0.00900700", "5.79800000"], ["0.00900900", "5.23300000"], ["0.00902200", "2.35000000"]]}}
{"stream": "bnbbtc@depth@100ms", "data": {"e": "depthUpdate", "E": 1726869806602, "s": "BNBBTC", "U": 3590814894, "u": 3590814897, "b": [], "a": [["0.00899600", "23.96400000"], ["0.00899700", "20.76700000"], ["0.00900200", "7.98400000"], ["0.00900500", "8.51400000"], ["0.00901100", "24.62500000"]]}}
{"stream": "bnbbtc@bookTicker", "data": {"u": 3590814898, "s": "BNBBTC", "b": "0.00899400", "B": "5.30200000", "a": "0.00899500", "A": "6.00300000"}}
{"stream": "bnbbtc@depth@100ms", "data": {"e": "depthUpdate", "E": 1726869806702, "s": "BNBBTC", "U": 3590814898, "u": 3590814899, "b": [], "a": [["0.00899500", "6.00300000"], ["0.00899600", "21.38100000"]]}}
{"stream": "bnbbtc@depth@100ms", "data": {"e": "depthUpdate", "E": 1726869806802, "s": "BNBBTC", "U": 3590814900, "u": 3590814900, "b": [["0.00898200", "4.41100000"], ["0.00897900", "14.54200000"]], "a": []}}
{"stream": "bnbbtc@depth@100ms", "data": {"e": "depthUpdate", "E": 1726869807102, "s": "BNBBTC", "U": 3590814901, "u": 3590814904, "b": [["0.00898900", "15.48200000"]], "a": [["0.00899800", "17.42400000"], ["0.00900500", "7.63500000"], ["0.00900600", "18.18600000"]]}}
{"stream": "bnbbtc@depth@100ms", "data": {"e": "depthUpdate", "E": 1726869807402, "s": "BNBBTC", "U": 3590814905, "u": 3590814905, "b": [], "a": [["0.00902200", "78.43800000"]]}}
{"stream": "bnbbtc@depth@100ms", "data": {"e": "depthUpdate", "E": 1726869807502, "s": "BNBBTC", "U": 3590814906, "u": 3590814907, "b": [], "a": [["0.00899600", "21.53100000"], ["0.00899700", "20.91700000"]]}}
{"stream": "bnbbtc@depth@100ms", "data": {"e": "depthUpdate", "E": 1726869807602, "s": "BNBBTC", "U": 3590814908, "u": 3590814908, "b": [["0.00898900", "14.60300000"]], "a": []}}
{"stream": "bnbbtc@bookTicker", "data": {"u": 3590814910, "s": "BNBBTC", "b": "0.00899400", "B": "6.87300000", "a": "0.00899500", "A": "6.00300000"}}
{"stream": "bnbbtc@bookTicker", "data": {"u": 3590814911, "s": "BNBBTC", "b": "0.00899400", "B": "7.25800000", "a": "0.00899500", "A": "6.00300000"}}
{"stream": "bnbbtc@bookTicker", "data": {"u": 3590814913, "s": "BNBBTC", "b": "0.00899400", "B": "7.25800000", "a": "0.00899500", "A": "5.98400000"}}
{"stream": "bnbbtc@bookTicker", "data": {"u": 3590814914, "s": "BNBBTC", "b": "0.00899400", "B": "7.43300000", "a": "0.00899500", "A": "5.98400000"}}
{"stream": "bnbbtc@bookTicker", "data": {"u": 3590814916, "s": "BNBBTC", "b": "0.00899400", "B": "7.04800000", "a": "0.00899500", "A": "5.98400000"}}
{"stream": "bnbbtc@bookTicker", "data": {"u": 3590814917, "s": "BNBBTC", "b": "0.00899400", "B": "5.47700000", "a": "0.00899500", "A": "5.98400000"}}
{"stream": "bnbbtc@bookTicker", "data": {"u": 3590814920, "s": "BNBBTC", "b": "0.00899400", "B": "5.47700000", "a": "0.00899500", "A": "6.00300000"}}
{"stream": "bnbbtc@depth@100ms", "data": {"e": "depthUpdate", "E": 1726869807702, "s": "BNBBTC", "U": 3590814909, "u": 3590814922, "b": [["0.00899400", "5.47700000"], ["0.00898900", "18.47200000"], ["0.00898700", "3.02100000"]], "a": [["0.00899500", "6.00300000"], ["0.00899600", "8.63800000"], ["0.00899800", "16.56800000"], ["0.00900000", "7.83100000"], ["0.00907100", "2.53700000"]]}}
{"stream": "bnbbtc@bookTicker", "data": {"u": 3590814924, "s": "BNBBTC", "b": "0.00899400", "B": "5.86400000", "a": "0.00899500", "A": "6.00300000"}}
{"stream": "bnbbtc@bookTicker", "data": {"u": 3590814925, "s": "BNBBTC", "b": "0.00899400", "B": "7.31600000", "a": "0.00899500", "A": "6.00300000"}}
{"stream": "bnbbtc@bookTicker", "data": {"u": 3590814927, "s": "BNBBTC", "b": "0.00899400", "B": "7.39000000", "a": "0.00899500", "A": "6.00300000"}}
{"stream": "bnbbtc@depth@100ms", "data": {"e": "depthUpdate", "E": 1726869807802, "s": "BNBBTC", "U": 3590814923, "u": 3590814928, "b": [["0.00899400", "7.39000000"], ["0.00899000", "9.16600000"]], "a": [["0.00900000", "7.88100000"], ["0.00900100", "6.24200000"]]}}
{"stream": "bnbbtc@bookTicker", "data": {"u": 3590814929, "s": "BNBBTC", "b": "0.00899400", "B": "5.93800000", "a": "0.00899500", "A": "6.00300000"}}
{"stream": "bnbbtc@bookTicker", "data": {"u": 3590814930, "s": "BNBBTC", "b": "0.00899400", "B": "5.55100000", "a": "0.00899500", "A": "6.00300000"}}
{"stream": "bnbbtc@depth@100ms", "data": {"e": "depthUpdate", "E": 1726869807902, "s": "BNBBTC", "U": 3590814929, "u": 3590814931, "b": [["0.00899400", "5.55100000"], ["0.00899300", "7.68900000"]], "a": []}}
{"stream": "bnbbtc@bookTicker", "data": {"u": 3590814932, "s": "BNBBTC", "b": "0.00899400", "B": "8.38300000", "a": "0.00899500", "A": "6.00300000"}}
{"stream": "bnbbtc@depth@100ms", "data": {"e": "depthUpdate", "E": 1726869808002, "s": "BNBBTC", "U": 3590814932, "u": 3590814934, "b": [["0.00899400", "8.38300000"], ["0.00899000", "8.96300000"]], "a": [["0.00900300", "29.98200000"]]}}
{"stream": "bnbbtc@depth@100ms", "data": {"e": "depthUpdate", "E": 1726869808102, "s": "BNBBTC", "U": 3590814935, "u": 3590814936, "b": [["0.00898300", "2.78100000"], ["0.00897800", "41.29900000"]], "a": []}}
{"stream": "bnbbtc@depth@100ms", "data": {"e": "depthUpdate", "E": 1726869808202, "s": "BNBBTC", "U": 3590814937, "u": 3590814941, "b": [["0.00898400", "28.21700000"], ["0.00898100", "18.91300000"]], "a": [["0.00899600", "9.03800000"], ["0.00899700", "21.31700000"]]}}
{"stream": "bnbbtc@depth@100ms", "data": {"e": "depthUpdate", "E": 1726869808302, "s": "BNBBTC", "U": 3590814942, "u": 3590814943, "b": [["0.00898200", "23.63900000"]], "a": []}}
{"stream": "bnbbtc@bookTicker", "data": {"u": 3590814944, "s": "BNBBTC", "b": "0.00899400", "B": "8.76700000", "a": "0.00899500", "A": "6.00300000"}}
{"stream": "bnbbtc@bookTicker", "data": {"u": 3590814945, "s": "BNBBTC", "b": "0.00899400", "B": "9.57500000", "a": "0.00899500", "A": "6.00300000"}}
{"stream": "bnbbtc@depth@100ms", "data": {"e": "depthUpdate", "E": 1726869808402, "s": "BNBBTC", "U": 3590814944, "u": 3590814945, "b": [["0.00899400", "9.57500000"]], "a": []}}
{"stream": "bnbbtc@bookTicker", "data": {"u": 3590814946, "s": "BNBBTC", "b": "0.00899400", "B": "10.24900000", "a": "0.00899500", "A": "6.00300000"}}
{"stream": "bnbbtc@depth@100ms", "data": {"e": "depthUpdate", "E": 1726869808702, "s": "BNBBTC", "U": 3590814946, "u": 3590814946, "b": [["0.00899400", "10.24900000"]], "a": []}}
{"stream": "bnbbtc@bookTicker", "data": {"u": 3590814947, "s": "BNBBTC", "b": "0.00899400", "B": "10.24900000", "a": "0.00899500", "A": "4.10100000"}}
{"stream": "bnbbtc@bookTicker", "data": {"u": 3590814948, "s": "BNBBTC", "b": "0.00899400", "B": "10.24900000", "a": "0.00899500", "A": "3.65500000"}}
{"stream": "bnbbtc@depth@100ms", "data": {"e": "depthUpdate", "E": 1726869808802, "s": "BNBBTC", "U": 3590814947, "u": 3590814948, "b": [], "a": [["0.00899500", "3.65500000"]]}}
{"stream": "bnbbtc@depth@100ms", "data": {"e": "depthUpdate", "E": 1726869809002, "s": "BNBBTC", "U": 3590814949, "u": 3590814957, "b": [["0.00898300", "8.30300000"], ["0.00898200", "4.41100000"]], "a": [["0.00899600", "9.78800000"], ["0.00899700", "22.31700000"], ["0.00899800", "16.81800000"]]}}
{"stream": "bnbbtc@depth@100ms", "data": {"e": "depthUpdate", "E": 1726869809102, "s": "BNBBTC", "U": 3590814958, "u": 3590814961, "b": [["0.00899300", "10.87100000"], ["0.00898300", "2.78100000"]], "a": [["0.00899700", "14.50700000"], ["0.00899800", "24.28700000"]]}}
{"stream": "bnbbtc@depth@100ms", "data": {"e": "depthUpdate", "E": 1726869809302, "s": "BNBBTC", "U": 3590814962, "u": 3590814962, "b": [], "a": [["0.00899900", "9.48300000"]]}}
{"stream": "bnbbtc@depth@100ms", "data": {"e": "depthUpdate", "E": 1726869809402, "s": "BNBBTC", "U": 3590814963, "u": 3590814963, "b": [["0.00898200", "7.72300000"]], "a": []}}
{"stream": "bnbbtc@depth@100ms", "data": {"e": "depthUpdate", "E": 1726869809502, "s": "BNBBTC", "U": 3590814964, "u": 3590814964, "b": [], "a": [["0.00902200", "2.35000000"]]}}
{"stream": "bnbbtc@bookTicker", "data": {"u": 3590814965, "s": "BNBBTC", "b": "0.00899400", "B": "10.24900000", "a": "0.00899500", "A": "3.93300000"}}
{"stream": "bnbbtc@depth@100ms", "data": {"e": "depthUpdate", "E": 1726869809702, "s": "BNBBTC", "U": 3590814965, "u": 3590814965, "b": [], "a": [["0.00899500", "3.93300000"]]}}
{"stream": "bnbbtc@depth@100ms", "data": {"e": "depthUpdate", "E": 1726869809902, "s": "BNBBTC", "U": 3590814966, "u": 3590814966, "b": [["0.00898800", "7.52300000"]], "a": []}}
{"stream": "bnbbtc@depth@100ms", "data": {"e": "depthUpdate", "E": 1726869810002, "s": "BNBBTC", "U": 3590814967, "u": 3590814969, "b": [["0.00899100", "7.86400000"], ["0.00898800", "7.22300000"]], "a": []}}
{"stream": "bnbbtc@depth@100ms", "data": {"e": "depthUpdate", "E": 1726869810102, "s": "BNBBTC", "U": 3590814970, "u": 3590814970, "b": [], "a": [["0.00899800", "24.41200000"]]}}
{"stream": "bnbbtc@depth@100ms", "data": {"e": "depthUpdate", "E": 1726869810302, "s": "BNBBTC", "U": 3590814971, "u": 3590814972, "b": [["0.00899100", "11.73300000"], ["0.00898900", "14.60300000"]], "a": []}}
{"stream": "bnbbtc@bookTicker", "data": {"u": 3590814974, "s": "BNBBTC", "b": "0.00899400", "B": "12.75200000", "a": "0.00899500", "A": "3.93300000"}}
{"stream": "bnbbtc@depth@100ms", "data": {"e": "depthUpdate", "E": 1726869810402, "s": "BNBBTC", "U": 3590814973, "u": 3590814978, "b": [["0.00899400", "12.75200000"]], "a": [["0.00899600", "10.28800000"], ["0.00899700", "10.63800000"], ["0.00899800", "16.94300000"], ["0.00899900", "13.35200000"], ["0.00902100", "80.06000000"]]}}
{"stream": "bnbbtc@bookTicker", "data": {"u": 3590814981, "s": "BNBBTC", "b": "0.00899400", "B": "12.75200000", "a": "0.00899500", "A": "3.84500000"}}
{"stream": "bnbbtc@bookTicker", "data": {"u": 3590814982, "s": "BNBBTC", "b": "0.00899400", "B": "12.75200000", "a": "0.00899500", "A": "3.82600000"}}
{"stream": "bnbbtc@bookTicker", "data": {"u": 3590814983, "s": "BNBBTC", "b": "0.00899400", "B": "10.24900000", "a": "0.00899500", "A": "3.82600000"}}
{"stream": "bnbbtc@bookTicker", "data": {"u": 3590814984, "s": "BNBBTC", "b": "0.00899400", "B": "10.24900000", "a": "0.00899500", "A": "3.84500000"}}
{"stream": "bnbbtc@bookTicker", "data": {"u": 3590814985, "s": "BNBBTC", "b": "0.00899400", "B": "10.24900000", "a": "0.00899500", "A": "3.82600000"}}
{"stream": "bnbbtc@bookTicker", "data": {"u": 3590814986, "s": "BNBBTC", "b": "0.00899400", "B": "9.57500000", "a": "0.00899500", "A": "3.82600000"}}
{"stream": "bnbbtc@bookTicker", "data": {"u": 3590814987, "s": "BNBBTC", "b": "0.00899400", "B": "9.19100000", "a": "0.00899500", "A": "3.82600000"}}
{"stream": "bnbbtc@bookTicker", "data": {"u": 3590814988, "s": "BNBBTC", "b": "0.00899400", "B": "8.38300000", "a": "0.00899500", "A": "3.82600000"}}
{"stream": "bnbbtc@depth@100ms", "data": {"e": "depthUpdate", "E": 1726869810502, "s": "BNBBTC", "U": 3590814979, "u": 3590814989, "b": [["0.00899400", "8.38300000"]], "a": [["0.00899500", "3.82600000"], ["0.00899600", "10.30700000"], ["0.00899700", "6.17000000"], ["0.00899800", "21.36300000"], ["0.00899900", "9.48300000"]]}}
{"stream": "bnbbtc@depth@100ms", "data": {"e": "depthUpdate", "E": 1726869810602, "s": "BNBBTC", "U": 3590814990, "u": 3590814993, "b": [["0.00899300", "7.68900000"], ["0.00898300", "8.29900000"]], "a": [["0.00899700", "11.36100000"], ["0.00899800", "15.35100000"]]}}
{"stream": "bnbbtc@bookTicker", "data": {"u": 3590814995, "s": "BNBBTC", "b": "0.00899400", "B": "11.33500000", "a": "0.00899500", "A": "3.82600000"}}
{"stream": "bnbbtc@bookTicker", "data": {"u": 3590814996, "s": "BNBBTC", "b": "0.00899400", "B": "11.72000000", "a": "0.00899500", "A": "3.82600000"}}
{"stream": "bnbbtc@depth@100ms", "data": {"e": "depthUpdate", "E": 1726869810702, "s": "BNBBTC", "U": 3590814994, "u": 3590814997, "b": [["0.00899400", "11.72000000"]], "a": [["0.00899700", "6.17000000"], ["0.00899900", "13.35200000"]]}}
{"stream": "bnbbtc@depth@100ms", "data": {"e": "depthUpdate", "E": 1726869810802, "s": "BNBBTC", "U": 3590814998, "u": 3590814999, "b": [["0.00899300", "11.83600000"]], "a": [["0.00900000", "14.22200000"]]}}
{"stream": "bnbbtc@depth@100ms", "data": {"e": "depthUpdate", "E": 1726869811502, "s": "BNBBTC", "U": 3590815000, "u": 3590815001, "b": [], "a": [["0.00899600", "7.30700000"], ["0.00899800", "18.35100000"]]}}
{"stream": "bnbbtc@bookTicker", "data": {"u": 3590815002, "s": "BNBBTC", "b": "0.00899400", "B": "11.72000000", "a": "0.00899500", "A": "3.84500000"}}
{"stream": "bnbbtc@depth@100ms", "data": {"e": "depthUpdate", "E": 1726869811902, "s": "BNBBTC", "U": 3590815002, "u": 3590815002, "b": [], "a": [["0.00899500", "3.84500000"], ["0.00899600", "7.28800000"]]}}
{"stream": "bnbbtc@bookTicker", "data": {"u": 3590815003, "s": "BNBBTC", "b": "0.00899400", "B": "11.72000000", "a": "0.00899500", "A": "3.82600000"}}
{"stream": "bnbbtc@depth@100ms", "data": {"e": "depthUpdate", "E": 1726869812202, "s": "BNBBTC", "U": 3590815003, "u": 3590815003, "b": [], "a": [["0.00899500", "3.82600000"], ["0.00899600", "7.30700000"]]}}
{"stream": "bnbbtc@depth@100ms", "data": {"e": "depthUpdate", "E": 1726869812502, "s": "BNBBTC", "U": 3590815004, "u": 3590815004, "b": [], "a": [["0.00902100", "3.96800000"]]}}
{"stream": "bnbbtc@bookTicker", "data": {"u": 3590815005, "s": "BNBBTC", "b": "0.00899400", "B": "11.72000000", "a": "0.00899500", "A": "3.84500000"}}
{"stream": "bnbbtc@depth@100ms", "data": {"e": "depthUpdate", "E": 1726869813202, "s": "BNBBTC", "U": 3590815005, "u": 3590815005, "b": [], "a": [["0.00899500", "3.84500000"], ["0.00899600", "7.28800000"]]}}
{"stream": "bnbbtc@bookTicker", "data": {"u": 3590815006, "s": "BNBBTC", "b": "0.00899400", "B": "11.72000000", "a": "0.00899500", "A": "3.82600000"}}
{"stream": "bnbbtc@bookTicker", "data": {"u": 3590815007, "s": "BNBBTC", "b": "0.00899400", "B": "8.76800000", "a": "0.00899500", "A": "3.82600000"}}
{"stream": "bnbbtc@bookTicker", "data": {"u": 3590815008, "s": "BNBBTC", "b": "0.00899400", "B": "10.59200000", "a": "0.00899500", "A": "3.82600000"}}
{"stream": "bnbbtc@depth@100ms", "data": {"e": "depthUpdate", "E": 1726869813602, "s": "BNBBTC", "U": 3590815006, "u": 3590815016, "b": [["0.00899400", "10.59200000"], ["0.00899100", "5.82700000"], ["0.00898900", "18.47200000"], ["0.00898800", "7.52300000"]], "a": [["0.00899500", "3.82600000"], ["0.00899600", "7.30700000"], ["0.00899700", "10.03900000"], ["0.00899900", "9.48300000"]]}}
{"stream": "bnbbtc@depth@100ms", "data": {"e": "depthUpdate", "E": 1726869813702, "s": "BNBBTC", "U": 3590815017, "u": 3590815018, "b": [["0.00899300", "7.68900000"]], "a": [["0.00899700", "15.39800000"]]}}
{"stream": "bnbbtc@bookTicker", "data": {"u": 3590815019, "s": "BNBBTC", "b": "0.00899400", "B": "8.76800000", "a": "0.00899500", "A": "3.82600000"}}
{"stream": "bnbbtc@bookTicker", "data": {"u": 3590815020, "s": "BNBBTC", "b": "0.00899400", "B": "8.76800000", "a": "0.00899500", "A": "3.84500000"}}
{"stream": "bnbbtc@bookTicker", "data": {"u": 3590815021, "s": "BNBBTC", "b": "0.00899400", "B": "10.58400000", "a": "0.00899500", "A": "3.84500000"}}
{"stream": "bnbbtc@depth@100ms", "data": {"e": "depthUpdate", "E": 1726869813802, "s": "BNBBTC", "U": 3590815019, "u": 3590815021, "b": [["0.00899400", "10.58400000"]], "a": [["0.00899500", "3.84500000"], ["0.00899600", "7.28800000"]]}}
{"stream": "bnbbtc@bookTicker", "data": {"u": 3590815022, "s": "BNBBTC", "b": "0.00899400", "B": "8.76800000", "a": "0.00899500", "A": "3.84500000"}}
{"stream": "bnbbtc@depth@100ms", "data": {"e": "depthUpdate", "E": 1726869847402, "s": "BNBBTC", "U": 3590815206, "u": 3590815206, "b": [["0.00866200", "0.03200000"]], "a": []}}
{"stream": "bnbbtc@depth@100ms", "data": {"e": "depthUpdate", "E": 1726869847702, "s": "BNBBTC", "U": 3590815207, "u": 3590815207, "b": [["0.00828500", "0.36000000"]], "a": []}}
{"stream": "bnbbtc@depth@100ms", "data": {"e": "depthUpdate", "E": 1726869848902, "s": "BNBBTC", "U": 3590815208, "u": 3590815208, "b": [], "a": [["0.00900600", "16.95800000"]]}}
{"stream": "bnbbtc@depth@100ms", "data": {"e": "depthUpdate", "E": 1726869850102, "s": "BNBBTC", "U": 3590815209, "u": 3590815209, "b": [["0.00859100", "1.35400000"]], "a": []}}
{"stream": "bnbbtc@depth@100ms", "data": {"e": "depthUpdate", "E": 1726869850202, "s": "BNBBTC", "U": 3590815210, "u": 3590815210, "b": [["0.00887900", "2.76800000"]], "a": []}}
{"stream": "bnbbtc@depth@100ms", "data": {"e": "depthUpdate", "E": 1726869850802, "s": "BNBBTC", "U": 3590815211, "u": 3590815211, "b": [], "a": [["0.00902100", "80.06000000"]]}}
{"stream": "bnbbtc@depth@100ms", "data": {"e": "depthUpdate", "E": 1726869851002, "s": "BNBBTC", "U": 3590815212, "u": 3590815212, "b": [["0.00858600", "3.14800000"]], "a": []}}
{"stream": "bnbbtc@depth@100ms", "data": {"e": "depthUpdate", "E": 1726869851302, "s": "BNBBTC", "U": 3590815213, "u": 3590815214, "b": [], "a": [["0.00899600", "7.28800000"], ["0.00899800", "22.22000000"]]}}
{"stream": "bnbbtc@bookTicker", "data": {"u": 3590815215, "s": "BNBBTC", "b": "0.00899400", "B": "11.89800000", "a": "0.00899500", "A": "2.97800000"}}
{"stream": "bnbbtc@depth@100ms", "data": {"e": "depthUpdate", "E": 1726869852202, "s": "BNBBTC", "U": 3590815215, "u": 3590815215, "b": [["0.00899400", "11.89800000"]], "a": []}}
{"stream": "bnbbtc@depth@100ms", "data": {"e": "depthUpdate", "E": 1726869852502, "s": "BNBBTC", "U": 3590815216, "u": 3590815217, "b": [], "a": [["0.00899900", "9.62800000"], ["0.00902100", "3.96800000"]]}}
{"stream": "bnbbtc@bookTicker", "data": {"u": 3590815222, "s": "BNBBTC", "b": "0.00899400", "B": "11.89800000", "a": "0.00899500", "A": "2.86900000"}}
{"stream": "bnbbtc@bookTicker", "data": {"u": 3590815223, "s": "BNBBTC", "b": "0.00899400", "B": "11.51800000", "a": "0.00899500", "A": "2.86900000"}}
{"stream": "bnbbtc@bookTicker", "data": {"u": 3590815224, "s": "BNBBTC", "b": "0.00899400", "B": "10.14800000", "a": "0.00899500", "A": "2.86900000"}}
{"stream": "bnbbtc@bookTicker", "data": {"u": 3590815225, "s": "BNBBTC", "b": "0.00899400", "B": "8.31700000", "a": "0.00899500", "A": "2.86900000"}}
{"stream": "bnbbtc@depth@100ms", "data": {"e": "depthUpdate", "E": 1726869853102, "s": "BNBBTC", "U": 3590815218, "u": 3590815228, "b": [["0.00899400", "8.31700000"], ["0.00899300", "20.65000000"]], "a": [["0.00899500", "2.86900000"], ["0.00899600", "2.24600000"], ["0.00899800", "18.35100000"], ["0.00900000", "12.23500000"], ["0.00900100", "6.24200000"]]}}
{"stream": "bnbbtc@depth@100ms", "data": {"e": "depthUpdate", "E": 1726869853202, "s": "BNBBTC", "U": 3590815229, "u": 3590815233, "b": [["0.00899300", "19.06400000"], ["0.00899100", "5.87300000"]], "a": [["0.00899800", "22.22000000"], ["0.00900200", "7.98400000"]]}}
{"stream": "bnbbtc@bookTicker", "data": {"u": 3590815235, "s": "BNBBTC", "b": "0.00899400", "B": "8.70000000", "a": "0.00899500", "A": "2.86900000"}}
{"stream": "bnbbtc@bookTicker", "data": {"u": 3590815236, "s": "BNBBTC", "b": "0.00899400", "B": "15.55800000", "a": "0.00899500", "A": "2.86900000"}}
{"stream": "bnbbtc@depth@100ms", "data": {"e": "depthUpdate", "E": 1726869853302, "s": "BNBBTC", "U": 3590815234, "u": 3590815236, "b": [["0.00899400", "15.55800000"]], "a": [["0.00899700", "6.14800000"]]}}
{"stream": "bnbbtc@depth@100ms", "data": {"e": "depthUpdate", "E": 1726869853402, "s": "BNBBTC", "U": 3590815237, "u": 3590815238, "b": [], "a": [["0.00899600", "5.24600000"], ["0.00899800", "19.22000000"]]}}
{"stream": "bnbbtc@depth@100ms", "data": {"e": "depthUpdate", "E": 1726869853902, "s": "BNBBTC", "U": 3590815239, "u": 3590815239, "b": [["0.00887900", "2.09400000"]], "a": []}}
{"stream": "bnbbtc@depth@100ms", "data": {"e": "depthUpdate", "E": 1726869854002, "s": "BNBBTC", "U": 3590815240, "u": 3590815240, "b": [], "a": [["0.00900100", "7.88100000"]]}}
{"stream": "bnbbtc@depth@100ms", "data": {"e": "depthUpdate", "E": 1726869854302, "s": "BNBBTC", "U": 3590815241, "u": 3590815241, "b": [], "a": [["0.00899900", "9.48300000"]]}}
{"stream": "bnbbtc@bookTicker", "data": {"u": 3590815243, "s": "BNBBTC", "b": "0.00899400", "B": "17.82900000", "a": "0.00899500", "A": "2.86900000"}}
{"stream": "bnbbtc@bookTicker", "data": {"u": 3590815244, "s": "BNBBTC", "b": "0.00899400", "B": "10.97100000", "a": "0.00899500", "A": "2.86900000"}}
{"stream": "bnbbtc@bookTicker", "data": {"u": 3590815245, "s": "BNBBTC", "b": "0.00899400", "B": "10.97100000", "a": "0.00899500", "A": "3.01400000"}}
{"stream": "bnbbtc@bookTicker", "data": {"u": 3590815246, "s": "BNBBTC", "b": "0.00899400", "B": "14.05800000", "a": "0.00899500", "A": "3.01400000"}}
{"stream": "bnbbtc@depth@100ms", "data": {"e": "depthUpdate", "E": 1726869854402, "s": "BNBBTC", "U": 3590815242, "u": 3590815246, "b": [["0.00899400", "14.05800000"]], "a": [["0.00899500", "3.01400000"], ["0.00899700", "10.98400000"]]}}
{"stream": "bnbbtc@depth@100ms", "data": {"e": "depthUpdate", "E": 1726869854702, "s": "BNBBTC", "U": 3590815247, "u": 3590815247, "b": [], "a": [["0.00899700", "6.14800000"]]}}
{"stream": "bnbbtc@depth@100ms", "data": {"e": "depthUpdate", "E": 1726869854802, "s": "BNBBTC", "U": 3590815248, "u": 3590815248, "b": [["0.00899300", "23.36400000"]], "a": []}}
{"stream": "bnbbtc@depth@100ms", "data": {"e": "depthUpdate", "E": 1726869854902, "s": "BNBBTC", "U": 3590815249, "u": 3590815250, "b": [["0.00899100", "9.74200000"], ["0.00898900", "13.40400000"]], "a": []}}
{"stream": "bnbbtc@bookTicker", "data": {"u": 3590815253, "s": "BNBBTC", "b": "0.00899400", "B": "17.25800000", "a": "0.00899500", "A": "3.01400000"}}
{"stream": "bnbbtc@depth@100ms", "data": {"e": "depthUpdate", "E": 1726869855002, "s": "BNBBTC", "U": 3590815251, "u": 3590815254, "b": [["0.00899400", "17.25800000"], ["0.00899000", "5.34600000"]], "a": [["0.00899800", "14.80000000"], ["0.00899900", "6.07500000"]]}}
{"stream": "bnbbtc@depth@100ms", "data": {"e": "depthUpdate", "E": 1726869855102, "s": "BNBBTC", "U": 3590815255, "u": 3590815255, "b": [], "a": [["0.00899900", "14.50300000"]]}}
{"stream": "bnbbtc@depth@100ms", "data": {"e": "depthUpdate", "E": 1726869856302, "s": "BNBBTC", "U": 3590815256, "u": 3590815256, "b": [], "a": [["0.00902100", "80.06000000"]]}}
{"stream": "bnbbtc@depth@100ms", "data": {"e": "depthUpdate", "E": 1726869857002, "s": "BNBBTC", "U": 3590815257, "u": 3590815259, "b": [["0.00895100", "2.38900000"]], "a": [["0.00904100", "4.56300000"]]}}
{"stream": "bnbbtc@bookTicker", "data": {"u": 3590815260, "s": "BNBBTC", "b": "0.00899400", "B": "17.25800000", "a": "0.00899500", "A": "2.86900000"}}
{"stream": "bnbbtc@depth@100ms", "data": {"e": "depthUpdate", "E": 1726869857302, "s": "BNBBTC", "U": 3590815260, "u": 3590815260, "b": [], "a": [["0.00899500", "2.86900000"]]}}
{"stream": "bnbbtc@trade", "data": {"e": "trade", "E": 1726869857361, "s": "BNBBTC", "t": 258626427, "p": "0.00899400", "q": "0.14500000", "T": 1726869857361, "m": true, "M": true}}
{"stream": "bnbbtc@bookTicker", "data": {"u": 3590815261, "s": "BNBBTC", "b": "0.00899400", "B": "17.11300000", "a": "0.00899500", "A": "2.86900000"}}
{"stream": "bnbbtc@depth@100ms", "data": {"e": "depthUpdate", "E": 1726869857402, "s": "BNBBTC", "U": 3590815261, "u": 3590815261, "b": [["0.00899400", "17.11300000"]], "a": []}}
{"stream": "bnbbtc@bookTicker", "data": {"u": 3590815262, "s": "BNBBTC", "b": "0.00899400", "B": "17.11300000", "a": "0.00899500", "A": "2.80300000"}}
{"stream": "bnbbtc@depth@100ms", "data": {"e": "depthUpdate", "E": 1726869857902, "s": "BNBBTC", "U": 3590815262, "u": 3590815262, "b": [], "a": [["0.00899500", "2.80300000"]]}}
{"stream": "bnbbtc@bookTicker", "data": {"u": 3590815263, "s": "BNBBTC", "b": "0.00899400", "B": "17.11300000", "a": "0.00899500", "A": "3.01400000"}}
{"stream": "bnbbtc@depth@100ms", "data": {"e": "depthUpdate", "E": 1726869858002, "s": "BNBBTC", "U": 3590815263, "u": 3590815263, "b": [], "a": [["0.00899500", "3.01400000"]]}}
{"stream": "bnbbtc@depth@100ms", "data": {"e": "depthUpdate", "E": 1726869858402, "s": "BNBBTC", "U": 3590815264, "u": 3590815264, "b": [], "a": [["0.00899900", "14.52200000"]]}}
{"stream": "bnbbtc@depth@100ms", "data": {"e": "depthUpdate", "E": 1726869858502, "s": "BNBBTC", "U": 3590815265, "u": 3590815266, "b": [], "a": [["0.00899800", "19.23700000"], ["0.00902100", "3.96800000"]]}}
{"stream": "bnbbtc@depth@100ms", "data": {"e": "depthUpdate", "E": 1726869859302, "s": "BNBBTC", "U": 3590815267, "u": 3590815269, "b": [["0.00899100", "12.74200000"]], "a": [["0.00899600", "2.24600000"], ["0.00899800", "22.23700000"]]}}
{"stream": "bnbbtc@depth@100ms", "data": {"e": "depthUpdate", "E": 1726869859402, "s": "BNBBTC", "U": 3590815270, "u": 3590815270, "b": [], "a": [["0.00902100", "80.06000000"]]}}
{"stream": "bnbbtc@bookTicker", "data": {"u": 3590815271, "s": "BNBBTC", "b": "0.00899400", "B": "16.93800000", "a": "0.00899500", "A": "3.01400000"}}
{"stream": "bnbbtc@bookTicker", "data": {"u": 3590815722, "s": "BNBBTC", "b": "0.00899300", "B": "10.75900000", "a": "0.00899400", "A": "10.21000000"}}
{"stream": "bnbbtc@bookTicker", "data": {"u": 3590815723, "s": "BNBBTC", "b": "0.00899300", "B": "10.75900000", "a": "0.00899400", "A": "10.31900000"}}
{"stream": "bnbbtc@bookTicker", "data": {"u": 3590815724, "s": "BNBBTC", "b": "0.00899300", "B": "9.76400000", "a": "0.00899400", "A": "10.31900000"}}
{"stream": "bnbbtc@depth@100ms", "data": {"e": "depthUpdate", "E": 1726869911902, "s": "BNBBTC", "U": 3590815721, "u": 3590815728, "b": [["0.00899300", "9.76400000"], ["0.00899000", "10.60100000"], ["0.00898900", "16.58500000"], ["0.00898600", "9.79200000"]], "a": [["0.00899400", "10.31900000"], ["0.00900000", "9.88800000"], ["0.00900200", "5.23600000"]]}}
{"stream": "bnbbtc@bookTicker", "data": {"u": 3590815730, "s": "BNBBTC", "b": "0.00899300", "B": "11.41300000", "a": "0.00899400", "A": "10.31900000"}}
{"stream": "bnbbtc@depth@100ms", "data": {"e": "depthUpdate", "E": 1726869912002, "s": "BNBBTC", "U": 3590815729, "u": 3590815730, "b": [["0.00899300", "11.41300000"], ["0.00899000", "7.60100000"]], "a": []}}
{"stream": "bnbbtc@bookTicker", "data": {"u": 3590815731, "s": "BNBBTC", "b": "0.00899300", "B": "10.36800000", "a": "0.00899400", "A": "10.31900000"}}
{"stream": "bnbbtc@bookTicker", "data": {"u": 3590815732, "s": "BNBBTC", "b": "0.00899300", "B": "8.71900000", "a": "0.00899400", "A": "10.31900000"}}
{"stream": "bnbbtc@bookTicker", "data": {"u": 3590815733, "s": "BNBBTC", "b": "0.00899300", "B": "9.23600000", "a": "0.00899400", "A": "10.31900000"}}
{"stream": "bnbbtc@depth@100ms", "data": {"e": "depthUpdate", "E": 1726869912102, "s": "BNBBTC", "U": 3590815731, "u": 3590815733, "b": [["0.00899300", "9.23600000"]], "a": []}}
{"stream": "bnbbtc@bookTicker", "data": {"u": 3590815734, "s": "BNBBTC", "b": "0.00899300", "B": "8.71900000", "a": "0.00899400", "A": "10.31900000"}}
{"stream": "bnbbtc@bookTicker", "data": {"u": 3590815735, "s": "BNBBTC", "b": "0.00899300", "B": "8.34000000", "a": "0.00899400", "A": "10.31900000"}}
{"stream": "bnbbtc@depth@100ms", "data": {"e": "depthUpdate", "E": 1726869912402, "s": "BNBBTC", "U": 3590815734, "u": 3590815735, "b": [["0.00899300", "8.34000000"]], "a": []}}
{"stream": "bnbbtc@depth@100ms", "data": {"e": "depthUpdate", "E": 1726869912502, "s": "BNBBTC", "U": 3590815736, "u": 3590815741, "b": [["0.00882000", "50.61900000"], ["0.00867400", "0.42100000"], ["0.00847900", "0.09900000"]], "a": [["0.00924500", "10.90000000"], ["0.00936800", "22.22500000"], ["0.00947100", "3.20000000"]]}}
{"stream": "bnbbtc@depth@100ms", "data": {"e": "depthUpdate", "E": 1726869912602, "s": "BNBBTC", "U": 3590815742, "u": 3590815743, "b": [["0.00899200", "11.28400000"]], "a": [["0.00902000", "80.46600000"]]}}
{"stream": "bnbbtc@depth@100ms", "data": {"e": "depthUpdate", "E": 1726869912702, "s": "BNBBTC", "U": 3590815744, "u": 3590815747, "b": [["0.00899200", "8.19600000"]], "a": []}}
{"stream": "bnbbtc@depth@100ms", "data": {"e": "depthUpdate", "E": 1726869912802, "s": "BNBBTC", "U": 3590815748, "u": 3590815748, "b": [["0.00899200", "8.90700000"]], "a": []}}
{"stream": "bnbbtc@bookTicker", "data": {"u": 3590815749, "s": "BNBBTC", "b": "0.00899300", "B": "8.34000000", "a": "0.00899400", "A": "10.53200000"}}
{"stream": "bnbbtc@depth@100ms", "data": {"e": "depthUpdate", "E": 1726869913002, "s": "BNBBTC", "U": 3590815749, "u": 3590815749, "b": [], "a": [["0.00899400", "10.53200000"]]}}
{"stream": "bnbbtc@bookTicker", "data": {"u": 3590815750, "s": "BNBBTC", "b": "0.00899300", "B": "6.09000000", "a": "0.00899400", "A": "10.53200000"}}
{"stream": "bnbbtc@bookTicker", "data": {"u": 3590815751, "s": "BNBBTC", "b": "0.00899300", "B": "6.01600000", "a": "0.00899400", "A": "10.53200000"}}
{"stream": "bnbbtc@bookTicker", "data": {"u": 3590815756, "s": "BNBBTC", "b": "0.00899200", "B": "8.90700000", "a": "0.00899400", "A": "10.53200000"}}
{"stream": "bnbbtc@bookTicker", "data": {"u": 3590815759, "s": "BNBBTC", "b": "0.00899200", "B": "8.90700000", "a": "0.00899300", "A": "0.44600000"}}
{"stream": "bnbbtc@bookTicker", "data": {"u": 3590815761, "s": "BNBBTC", "b": "0.00899200", "B": "8.90700000", "a": "0.00899300", "A": "1.00400000"}}
{"stream": "bnbbtc@bookTicker", "data": {"u": 3590815762, "s": "BNBBTC", "b": "0.00899200", "B": "8.90700000", "a": "0.00899300", "A": "1.99100000"}}
{"stream": "bnbbtc@bookTicker", "data": {"u": 3590815763, "s": "BNBBTC", "b": "0.00899200", "B": "8.90700000", "a": "0.00899300", "A": "2.10000000"}}
{"stream": "bnbbtc@bookTicker", "data": {"u": 3590815764, "s": "BNBBTC", "b": "0.00899200", "B": "8.52400000", "a": "0.00899300", "A": "2.10000000"}}
{"stream": "bnbbtc@bookTicker", "data": {"u": 3590815765, "s": "BNBBTC", "b": "0.00899200", "B": "7.81300000", "a": "0.00899300", "A": "2.10000000"}}
{"stream": "bnbbtc@depth@100ms", "data": {"e": "depthUpdate", "E": 1726869913102, "s": "BNBBTC", "U": 3590815750, "u": 3590815766, "b": [["0.00899300", "0.00000000"], ["0.00899200", "7.81300000"], ["0.00899100", "5.93600000"], ["0.00898900", "10.67900000"], ["0.00898700", "11.89000000"]], "a": [["0.00899300", "2.10000000"], ["0.00899400", "9.71900000"], ["0.00899500", "9.41900000"], ["0.00900100", "10.46900000"]]}}
{"stream": "bnbbtc@bookTicker", "data": {"u": 3590815774, "s": "BNBBTC", "b": "0.00899200", "B": "7.54100000", "a": "0.00899300", "A": "2.10000000"}}
{"stream": "bnbbtc@bookTicker", "data": {"u": 3590815775, "s": "BNBBTC", "b": "0.00899200", "B": "7.54100000", "a": "0.00899300", "A": "2.81000000"}}
{"stream": "bnbbtc@trade", "data": {"e": "trade", "E": 1726869913200, "s": "BNBBTC", "t": 258626462, "p": "0.00899200", "q": "0.27200000", "T": 1726869913200, "m": true, "M": true}}
{"stream": "bnbbtc@depth@100ms", "data": {"e": "depthUpdate", "E": 1726869913202, "s": "BNBBTC", "U": 3590815767, "u": 3590815775, "b": [["0.00899200", "7.54100000"], ["0.00899100", "8.64800000"], ["0.00898800", "11.24700000"]], "a": [["0.00899300", "2.81000000"], ["0.00899500", "16.44800000"], ["0.00899600", "14.38000000"]]}}
{"stream": "bnbbtc@depth@100ms", "data": {"e": "depthUpdate", "E": 1726869913302, "s": "BNBBTC", "U": 3590815776, "u": 3590815777, "b": [["0.00899100", "12.22100000"]], "a": [["0.00899500", "20.31700000"]]}}
{"stream": "bnbbtc@bookTicker", "data": {"u": 3590815778, "s": "BNBBTC", "b": "0.00899200", "B": "7.54100000", "a": "0.00899300", "A": "2.10000000"}}
{"stream": "bnbbtc@depth@100ms", "data": {"e": "depthUpdate", "E": 1726869913602, "s": "BNBBTC", "U": 3590815778, "u": 3590815780, "b": [["0.00882100", "2.42600000"]], "a": [["0.00899300", "2.10000000"], ["0.00916500", "3.65400000"]]}}
{"stream": "bnbbtc@bookTicker", "data": {"u": 3590815781, "s": "BNBBTC", "b": "0.00899200", "B": "7.54100000", "a": "0.00899300", "A": "4.73400000"}}
{"stream": "bnbbtc@depth@100ms", "data": {"e": "depthUpdate", "E": 1726869913802, "s": "BNBBTC", "U": 3590815781, "u": 3590815783, "b": [["0.00899100", "14.93300000"]], "a": [["0.00899300", "4.73400000"], ["0.00899400", "6.86100000"]]}}
{"stream": "bnbbtc@bookTicker", "data": {"u": 3590815784, "s": "BNBBTC", "b": "0.00899200", "B": "10.76400000", "a": "0.00899300", "A": "4.73400000"}}
{"stream": "bnbbtc@depth@100ms", "data": {"e": "depthUpdate", "E": 1726869913902, "s": "BNBBTC", "U": 3590815784, "u": 3590815785, "b": [["0.00899200", "10.76400000"], ["0.00899100", "12.22100000"]], "a": []}}
{"stream": "bnbbtc@depth@100ms", "data": {"e": "depthUpdate", "E": 1726869914102, "s": "BNBBTC", "U": 3590815786, "u": 3590815789, "b": [["0.00862200", "5.26100000"], ["0.00842800", "4.84200000"]], "a": [["0.00924900", "5.85500000"], ["0.00936700", "8.88100000"]]}}
{"stream": "bnbbtc@depth@100ms", "data": {"e": "depthUpdate", "E": 1726869914502, "s": "BNBBTC", "U": 3590815790, "u": 3590815790, "b": [], "a": [["0.00902000", "4.37000000"]]}}
{"stream": "bnbbtc@bookTicker", "data": {"u": 3590815791, "s": "BNBBTC", "b": "0.00899200", "B": "10.76400000", "a": "0.00899300", "A": "5.00600000"}}
{"stream": "bnbbtc@depth@100ms", "data": {"e": "depthUpdate", "E": 1726869915502, "s": "BNBBTC", "U": 3590815791, "u": 3590815791, "b": [], "a": [["0.00899300", "5.00600000"]]}}
{"stream": "bnbbtc@depth@100ms", "data": {"e": "depthUpdate", "E": 1726869915602, "s": "BNBBTC", "U": 3590815792, "u": 3590815792, "b": [], "a": [["0.00899700", "6.47700000"]]}}
{"stream": "bnbbtc@depth@100ms", "data": {"e": "depthUpdate", "E": 1726869917102, "s": "BNBBTC", "U": 3590815793, "u": 3590815793, "b": [], "a": [["0.00899400", "6.64800000"]]}}
{"stream": "bnbbtc@bookTicker", "data": {"u": 3590815794, "s": "BNBBTC", "b": "0.00899200", "B": "11.14700000", "a": "0.00899300", "A": "5.00600000"}}
{"stream": "bnbbtc@bookTicker", "data": {"u": 3590815795, "s": "BNBBTC", "b": "0.00899200", "B": "12.02700000", "a": "0.00899300", "A": "5.00600000"}}
{"stream": "bnbbtc@depth@100ms", "data": {"e": "depthUpdate", "E": 1726869917202, "s": "BNBBTC", "U": 3590815794, "u": 3590815795, "b": [["0.00899200", "12.02700000"]], "a": []}}
{"stream": "bnbbtc@bookTicker", "data": {"u": 3590815797, "s": "BNBBTC", "b": "0.00899200", "B": "14.85900000", "a": "0.00899300", "A": "5.00600000"}}
{"stream": "bnbbtc@bookTicker", "data": {"u": 3590815798, "s": "BNBBTC", "b": "0.00899200", "B": "19.76900000", "a": "0.00899300", "A": "5.00600000"}}
{"stream": "bnbbtc@depth@100ms", "data": {"e": "depthUpdate", "E": 1726869917302, "s": "BNBBTC", "U": 3590815796, "u": 3590815798, "b": [["0.00899200", "19.76900000"]], "a": [["0.00899500", "16.44800000"]]}}
{"stream": "bnbbtc@depth@100ms", "data": {"e": "depthUpdate", "E": 1726869917402, "s": "BNBBTC", "U": 3590815799, "u": 3590815800, "b": [], "a": [["0.00899500", "20.31700000"], ["0.00899700", "6.37300000"]]}}
{"stream": "bnbbtc@bookTicker", "data": {"u": 3590815801, "s": "BNBBTC", "b": "0.00899200", "B": "19.76900000", "a": "0.00899300", "A": "5.11000000"}}
{"stream": "bnbbtc@depth@100ms", "data": {"e": "depthUpdate", "E": 1726869917502, "s": "BNBBTC", "U": 3590815801, "u": 3590815801, "b": [], "a": [["0.00899300", "5.11000000"]]}}
{"stream": "bnbbtc@depth@100ms", "data": {"e": "depthUpdate", "E": 1726869917602, "s": "BNBBTC", "U": 3590815802, "u": 3590815802, "b": [], "a": [["0.00899500", "13.28800000"]]}}
{"stream": "bnbbtc@depth@100ms", "data": {"e": "depthUpdate", "E": 1726869917902, "s": "BNBBTC", "U": 3590815803, "u": 3590815803, "b": [["0.00895100", "2.37400000"]], "a": [["0.00904100", "4.57200000"]]}}
{"stream": "bnbbtc@depth@100ms", "data": {"e": "depthUpdate", "E": 1726869918002, "s": "BNBBTC", "U": 3590815804, "u": 3590815805, "b": [["0.00895100", "2.38900000"]], "a": [["0.00904100", "4.58700000"]]}}
{"stream": "bnbbtc@depth@100ms", "data": {"e": "depthUpdate", "E": 1726869918402, "s": "BNBBTC", "U": 3590815806, "u": 3590815806, "b": [], "a": [["0.00902000", "80.46600000"]]}}
{"stream": "bnbbtc@depth@100ms", "data": {"e": "depthUpdate", "E": 1726869920102, "s": "BNBBTC", "U": 3590815807, "u": 3590815807, "b": [["0.00898800", "11.45000000"]], "a": []}}
{"stream": "bnbbtc@bookTicker", "data": {"u": 3590815808, "s": "BNBBTC", "b": "0.00899200", "B": "19.76900000", "a": "0.00899300", "A": "5.00100000"}}
{"stream": "bnbbtc@depth@100ms", "data": {"e": "depthUpdate", "E": 1726869920202, "s": "BNBBTC", "U": 3590815808, "u": 3590815809, "b": [], "a": [["0.00899300", "5.00100000"], ["0.00899500", "10.28800000"]]}}
{"stream": "bnbbtc@bookTicker", "data": {"u": 3590815811, "s": "BNBBTC", "b": "0.00899200", "B": "19.76900000", "a": "0.00899300", "A": "4.44300000"}}
{"stream": "bnbbtc@bookTicker", "data": {"u": 3590815812, "s": "BNBBTC", "b": "0.00899200", "B": "19.94400000", "a": "0.00899300", "A": "4.44300000"}}
{"stream": "bnbbtc@bookTicker", "data": {"u": 3590815813, "s": "BNBBTC", "b": "0.00899200", "B": "19.94400000", "a": "0.00899300", "A": "3.45600000"}}
{"stream": "bnbbtc@depth@100ms", "data": {"e": "depthUpdate", "E": 1726869920302, "s": "BNBBTC", "U": 3590815810, "u": 3590815813, "b": [["0.00899200", "19.94400000"]], "a": [["0.00899300", "3.45600000"], ["0.00899400", "6.53900000"]]}}
{"stream": "bnbbtc@bookTicker", "data": {"u": 3590815814, "s": "BNBBTC", "b": "0.00899200", "B": "19.94400000", "a": "0.00899300", "A": "3.01000000"}}
{"stream": "bnbbtc@bookTicker", "data": {"u": 3590815818, "s": "BNBBTC", "b": "0.00899200", "B": "19.94400000", "a": "0.00899300", "A": "2.90600000"}}
{"stream": "bnbbtc@depth@100ms", "data": {"e": "depthUpdate", "E": 1726869920402, "s": "BNBBTC", "U": 3590815814, "u": 3590815818, "b": [["0.00898600", "11.18300000"]], "a": [["0.00899300", "2.90600000"], ["0.00901200", "41.75700000"], ["0.00901300", "2.32500000"]]}}
{"stream": "bnbbtc@trade", "data": {"e": "trade", "E": 1726869920454, "s": "BNBBTC", "t": 258626463, "p": "0.00899200", "q": "0.10400000", "T": 1726869920453, "m": true, "M": true}}
{"stream": "bnbbtc@bookTicker", "data": {"u": 3590815822, "s": "BNBBTC", "b": "0.00899200", "B": "19.84000000", "a": "0.00899300", "A": "2.90600000"}}
{"stream": "bnbbtc@depth@100ms", "data": {"e": "depthUpdate", "E": 1726869920502, "s": "BNBBTC", "U": 3590815819, "u": 3590815823, "b": [["0.00899200", "19.84000000"], ["0.00897500", "18.15200000"], ["0.00897400", "5.69500000"], ["0.00892400", "0.61700000"]], "a": [["0.00902000", "4.37000000"]]}}
{"stream": "bnbbtc@depth@100ms", "data": {"e": "depthUpdate", "E": 1726869920602, "s": "BNBBTC", "U": 3590815824, "u": 3590815825, "b": [], "a": [["0.00916500", "0.64100000"], ["0.00948000", "10.99300000"]]}}
{"stream": "bnbbtc@depth@100ms", "data": {"e": "depthUpdate", "E": 1726869921402, "s": "BNBBTC", "U": 3590815826, "u": 3590815826, "b": [], "a": [["0.00902000", "80.46600000"]]}}
{"stream": "bnbbtc@depth@100ms", "data": {"e": "depthUpdate", "E": 1726869921502, "s": "BNBBTC", "U": 3590815827, "u": 3590815829, "b": [], "a": [["0.00899600", "17.38000000"], ["0.00901100", "12.94200000"]]}}
{"stream": "bnbbtc@depth@100ms", "data": {"e": "depthUpdate", "E": 1726869921602, "s": "BNBBTC", "U": 3590815830, "u": 3590815831, "b": [["0.00897600", "26.50600000"], ["0.00897500", "12.63700000"]], "a": []}}
{"stream": "bnbbtc@bookTicker", "data": {"u": 3590815832, "s": "BNBBTC", "b": "0.00899200", "B": "19.84000000", "a": "0.00899300", "A": "2.63400000"}}
{"stream": "bnbbtc@bookTicker", "data": {"u": 3590815833, "s": "BNBBTC", "b": "0.00899200", "B": "19.84000000", "a": "0.00899300", "A": "3.62100000"}}
{"stream": "bnbbtc@bookTicker", "data": {"u": 3590815834, "s": "BNBBTC", "b": "0.00899200", "B": "19.84000000", "a": "0.00899300", "A": "3.99700000"}}
{"stream": "bnbbtc@depth@100ms", "data": {"e": "depthUpdate", "E": 1726869923202, "s": "BNBBTC", "U": 3590815832, "u": 3590815834, "b": [], "a": [["0.00899300", "3.99700000"]]}}
{"stream": "bnbbtc@depth@100ms", "data": {"e": "depthUpdate", "E": 1726869923502, "s": "BNBBTC", "U": 3590815835, "u": 3590815837, "b": [["0.00898900", "13.67900000"], ["0.00898800", "11.24700000"]], "a": [["0.00902000", "4.37000000"]]}}
{"stream": "bnbbtc@depth@100ms", "data": {"e": "depthUpdate", "E": 1726869924002, "s": "BNBBTC", "U": 3590815838, "u": 3590815838, "b": [], "a": [["0.00948400", "2.79200000"]]}}
{"stream": "bnbbtc@depth@100ms", "data": {"e": "depthUpdate", "E": 1726869924402, "s": "BNBBTC", "U": 3590815839, "u": 3590815839, "b": [], "a": [["0.00902000", "80.46600000"]]}}
{"stream": "bnbbtc@depth@100ms", "data": {"e": "depthUpdate", "E": 1726869924502, "s": "BNBBTC", "U": 3590815840, "u": 3590815841, "b": [["0.00890900", "0.68000000"], ["0.00890800", "14.54600000"]], "a": []}}
{"stream": "bnbbtc@depth@100ms", "data": {"e": "depthUpdate", "E": 1726869924702, "s": "BNBBTC", "U": 3590815842, "u": 3590815842, "b": [], "a": [["0.00899500", "6.41900000"]]}}
{"stream": "bnbbtc@depth@100ms", "data": {"e": "depthUpdate", "E": 1726869924802, "s": "BNBBTC", "U": 3590815843, "u": 3590815843, "b": [], "a": [["0.00899600", "21.24900000"]]}}
{"stream": "bnbbtc@depth@100ms", "data": {"e": "depthUpdate", "E": 1726869924902, "s": "BNBBTC", "U": 3590815844, "u": 3590815844, "b": [], "a": [["0.00910800", "1.14200000"]]}}
{"stream": "bnbbtc@depth@100ms", "data": {"e": "depthUpdate", "E": 1726869925602, "s": "BNBBTC", "U": 3590815845, "u": 3590815845, "b": [], "a": [["0.00948400", "2.82400000"]]}}
{"stream": "bnbbtc@depth@100ms", "data": {"e": "depthUpdate", "E": 1726869926502, "s": "BNBBTC", "U": 3590815846, "u": 3590815846, "b": [], "a": [["0.00902000", "4.37000000"]]}}
{"stream": "bnbbtc@depth@100ms", "data": {"e": "depthUpdate", "E": 1726869927702, "s": "BNBBTC", "U": 3590815847, "u": 3590815848, "b": [["0.00898200", "7.82300000"]], "a": [["0.00900300", "7.36100000"]]}}
{"stream": "bnbbtc@depth@100ms", "data": {"e": "depthUpdate", "E": 1726869928102, "s": "BNBBTC", "U": 3590815849, "u": 3590815851, "b": [["0.00895100", "2.38900000"]], "a": [["0.00904100", "4.58700000"]]}}
{"stream": "bnbbtc@depth@100ms", "data": {"e": "depthUpdate", "E": 1726869928702, "s": "BNBBTC", "U": 3590815852, "u": 3590815853, "b": [["0.00898200", "7.72300000"]], "a": [["0.00900300", "7.26100000"]]}}
{"stream": "bnbbtc@depth@100ms", "data": {"e": "depthUpdate", "E": 1726869928802, "s": "BNBBTC", "U": 3590815854, "u": 3590815854, "b": [["0.00843300", "0.41200000"]], "a": []}}
{"stream": "bnbbtc@depth@100ms", "data": {"e": "depthUpdate", "E": 1726869930402, "s": "BNBBTC", "U": 3590815855, "u": 3590815855, "b": [], "a": [["0.00902000", "80.46600000"]]}}
{"stream": "bnbbtc@depth@100ms", "data": {"e": "depthUpdate", "E": 1726869932502, "s": "BNBBTC", "U": 3590815856, "u": 3590815856, "b": [], "a": [["0.00902000", "4.37000000"]]}}
{"stream": "bnbbtc@depth@100ms", "data": {"e": "depthUpdate", "E": 1726869932602, "s": "BNBBTC", "U": 3590815857, "u": 3590815857, "b": [["0.00871400", "1.16400000"]], "a": []}}
{"stream": "bnbbtc@depth@100ms", "data": {"e": "depthUpdate", "E": 1726869932902, "s": "BNBBTC", "U": 3590815858, "u": 3590815859, "b": [], "a": [["0.00899600", "17.38000000"], ["0.00899800", "24.14500000"]]}}
{"stream": "bnbbtc@depth@100ms", "data": {"e": "depthUpdate", "E": 1726869933102, "s": "BNBBTC", "U": 3590815860, "u": 3590815860, "b": [["0.00862800", "1.33700000"]], "a": []}}
{"stream": "bnbbtc@depth@100ms", "data": {"e": "depthUpdate", "E": 1726869933402, "s": "BNBBTC", "U": 3590815861, "u": 3590815861, "b": [], "a": [["0.00902000", "80.46600000"]]}}
{"stream": "bnbbtc@depth@100ms", "data": {"e": "depthUpdate", "E": 1726869933502, "s": "BNBBTC", "U": 3590815862, "u": 3590815863, "b": [["0.00868600", "0.85000000"], ["0.00855000", "101.88300000"]], "a": []}}
{"stream": "bnbbtc@bookTicker", "data": {"u": 3590815865, "s": "BNBBTC", "b": "0.00899200", "B": "19.84000000", "a": "0.00899300", "A": "3.01000000"}}
{"stream": "bnbbtc@bookTicker", "data": {"u": 3590815867, "s": "BNBBTC", "b": "0.00899200", "B": "21.96700000", "a": "0.00899300", "A": "3.01000000"}}
{"stream": "bnbbtc@depth@100ms", "data": {"e": "depthUpdate", "E": 1726869933602, "s": "BNBBTC", "U": 3590815864, "u": 3590815868, "b": [["0.00899200", "21.96700000"]], "a": [["0.00899300", "3.01000000"], ["0.00899400", "2.61400000"], ["0.00899600", "11.57200000"], ["0.00899700", "13.36300000"]]}}
{"stream": "bnbbtc@depth@100ms", "data": {"e": "depthUpdate", "E": 1726869933802, "s": "BNBBTC", "U": 3590815869, "u": 3590815869, "b": [["0.00898800", "11.45000000"]], "a": []}}
{"stream": "bnbbtc@depth@100ms", "data": {"e": "depthUpdate", "E": 1726869934002, "s": "BNBBTC", "U": 3590815870, "u": 3590815870, "b": [["0.00854600", "0.66100000"]], "a": []}}
{"stream": "bnbbtc@depth@100ms", "data": {"e": "depthUpdate", "E": 1726869934502, "s": "BNBBTC", "U": 3590815871, "u": 3590815871, "b": [["0.00849200", "0.01400000"]], "a": []}}
{"stream": "bnbbtc@depth@100ms", "data": {"e": "depthUpdate", "E": 1726869934902, "s": "BNBBTC", "U": 3590815872, "u": 3590815872, "b": [["0.00843200", "1.81600000"]], "a": []}}
{"stream": "bnbbtc@depth@100ms", "data": {"e": "depthUpdate", "E": 1726869935402, "s": "BNBBTC", "U": 3590815873, "u": 3590815873, "b": [["0.00861300", "0.51300000"]], "a": []}}
{"stream": "bnbbtc@depth@100ms", "data": {"e": "depthUpdate", "E": 1726869935502, "s": "BNBBTC", "U": 3590815874, "u": 3590815874, "b": [], "a": [["0.00902000", "4.37000000"]]}}
{"stream": "bnbbtc@depth@100ms", "data": {"e": "depthUpdate", "E": 1726869938302, "s": "BNBBTC", "U": 3590815875, "u": 3590815877, "b": [["0.00895100", "2.38900000"]], "a": [["0.00904100", "4.58700000"]]}}
{"stream": "bnbbtc@depth@100ms", "data": {"e": "depthUpdate", "E": 1726869938902, "s": "BNBBTC", "U": 3590815878, "u": 3590815878, "b": [["0.00898800", "7.58100000"]], "a": []}}
{"stream": "bnbbtc@depth@100ms", "data": {"e": "depthUpdate", "E": 1726869939002, "s": "BNBBTC", "U": 3590815879, "u": 3590815879, "b": [], "a": [["0.00899600", "17.72600000"]]}}
{"stream": "bnbbtc@depth@100ms", "data": {"e": "depthUpdate", "E": 1726869939102, "s": "BNBBTC", "U": 3590815880, "u": 3590815880, "b": [["0.00898800", "11.45000000"]], "a": []}}
{"stream": "bnbbtc@depth@100ms", "data": {"e": "depthUpdate", "E": 1726869940402, "s": "BNBBTC", "U": 3590815881, "u": 3590815882, "b": [], "a": [["0.00899600", "21.59500000"], ["0.00899800", "20.27600000"]]}}
{"stream": "bnbbtc@depth@100ms", "data": {"e": "depthUpdate", "E": 1726869941602, "s": "BNBBTC", "U": 3590815883, "u": 3590815883, "b": [["0.00899000", "8.48700000"]], "a": []}}
{"stream": "bnbbtc@depth@100ms", "data": {"e": "depthUpdate", "E": 1726869941702, "s": "BNBBTC", "U": 3590815884, "u": 3590815884, "b": [], "a": [["0.00902000", "80.46600000"]]}}
{"stream": "bnbbtc@depth@100ms", "data": {"e": "depthUpdate", "E": 1726869942802, "s": "BNBBTC", "U": 3590815885, "u": 3590815885, "b": [], "a": [["0.00899600", "17.72600000"]]}}
{"stream": "bnbbtc@bookTicker", "data": {"u": 3590815886, "s": "BNBBTC", "b": "0.00899200", "B": "17.05700000", "a": "0.00899300", "A": "3.01000000"}}
{"stream": "bnbbtc@depth@100ms", "data": {"e": "depthUpdate", "E": 1726869942902, "s": "BNBBTC", "U": 3590815886, "u": 3590815888, "b": [["0.00899200", "17.05700000"]], "a": [["0.00899500", "10.83700000"], ["0.00899600", "21.59500000"]]}}
{"stream": "bnbbtc@bookTicker", "data": {"u": 3590815889, "s": "BNBBTC", "b": "0.00899200", "B": "17.05700000", "a": "0.00899300", "A": "3.45600000"}}
{"stream": "bnbbtc@depth@100ms", "data": {"e": "depthUpdate", "E": 1726869943002, "s": "BNBBTC", "U": 3590815889, "u": 3590815890, "b": [["0.00899100", "24.41500000"]], "a": [["0.00899300", "3.45600000"]]}}
{"stream": "bnbbtc@bookTicker", "data": {"u": 3590815891, "s": "BNBBTC", "b": "0.00899200", "B": "29.25100000", "a": "0.00899300", "A": "3.45600000"}}
{"stream": "bnbbtc@depth@100ms", "data": {"e": "depthUpdate", "E": 1726869943102, "s": "BNBBTC", "U": 3590815891, "u": 3590815891, "b": [["0.00899200", "29.25100000"], ["0.00899100", "12.22100000"]], "a": []}}
{"stream": "bnbbtc@bookTicker", "data": {"u": 3590815892, "s": "BNBBTC", "b": "0.00899200", "B": "17.05700000", "a": "0.00899300", "A": "3.45600000"}}
{"stream": "bnbbtc@depth@100ms", "data": {"e": "depthUpdate", "E": 1726869943202, "s": "BNBBTC", "U": 3590815892, "u": 3590815892, "b": [["0.00899200", "17.05700000"]], "a": []}}
{"stream": "bnbbtc@depth@100ms", "data": {"e": "depthUpdate", "E": 1726869943402, "s": "BNBBTC", "U": 3590815893, "u": 3590815893, "b": [["0.00899000", "7.60100000"]], "a": []}}
{"stream": "bnbbtc@bookTicker", "data": {"u": 3590815894, "s": "BNBBTC", "b": "0.00899200", "B": "17.94300000", "a": "0.00899300", "A": "3.45600000"}}
{"stream": "bnbbtc@depth@100ms", "data": {"e": "depthUpdate", "E": 1726869943502, "s": "BNBBTC", "U": 3590815894, "u": 3590815895, "b": [["0.00899200", "17.94300000"]], "a": [["0.00902000", "4.37000000"]]}}
{"stream": "bnbbtc@depth@100ms", "data": {"e": "depthUpdate", "E": 1726869943802, "s": "BNBBTC", "U": 3590815896, "u": 3590815896, "b": [["0.00898800", "11.24700000"]], "a": []}}
{"stream": "bnbbtc@depth@100ms", "data": {"e": "depthUpdate", "E": 1726869944402, "s": "BNBBTC", "U": 3590815897, "u": 3590815897, "b": [], "a": [["0.00902000", "80.46600000"]]}}
{"stream": "bnbbtc@depth@100ms", "data": {"e": "depthUpdate", "E": 1726869945702, "s": "BNBBTC", "U": 3590815898, "u": 3590815898, "b": [["0.00898800", "7.37800000"]], "a": []}}
{"stream": "bnbbtc@bookTicker", "data": {"u": 3590815900, "s": "BNBBTC", "b": "0.00899200", "B": "20.45400000", "a": "0.00899300", "A": "3.45600000"}}
{"stream": "bnbbtc@depth@100ms", "data": {"e": "depthUpdate", "E": 1726869945802, "s": "BNBBTC", "U": 3590815899, "u": 3590815900, "b": [["0.00899200", "20.45400000"]], "a": [["0.00899800", "11.08100000"]]}}
{"stream": "bnbbtc@depth@100ms", "data": {"e": "depthUpdate", "E": 1726869945902, "s": "BNBBTC", "U": 3590815901, "u": 3590815901, "b": [["0.00898800", "11.24700000"]], "a": []}}
{"stream": "bnbbtc@bookTicker", "data": {"u": 3590815902, "s": "BNBBTC", "b": "0.00899200", "B": "19.56800000", "a": "0.00899300", "A": "3.45600000"}}
{"stream": "bnbbtc@depth@100ms", "data": {"e": "depthUpdate", "E": 1726869946402, "s": "BNBBTC", "U": 3590815902, "u": 3590815902, "b": [["0.00899200", "19.56800000"]], "a": []}}
{"stream": "bnbbtc@trade", "data": {"e": "trade", "E": 1726869946406, "s": "BNBBTC", "t": 258626464, "p": "0.00899300", "q": "0.88600000", "T": 1726869946405, "m": false, "M": true}}
{"stream": "bnbbtc@bookTicker", "data": {"u": 3590815903, "s": "BNBBTC", "b": "0.00899200", "B": "19.56800000", "a": "0.00899300", "A": "2.57000000"}}
{"stream": "bnbbtc@depth@100ms", "data": {"e": "depthUpdate", "E": 1726869946502, "s": "BNBBTC", "U": 3590815903, "u": 3590815904, "b": [], "a": [["0.00899300", "2.57000000"], ["0.00902000", "4.37000000"]]}}
{"stream": "bnbbtc@depth@100ms", "data": {"e": "depthUpdate", "E": 1726869947402, "s": "BNBBTC", "U": 3590815905, "u": 3590815905, "b": [], "a": [["0.00902000", "80.46600000"]]}}
{"stream": "bnbbtc@depth@100ms", "data": {"e": "depthUpdate", "E": 1726869948402, "s": "BNBBTC", "U": 3590815906, "u": 3590815908, "b": [["0.00895100", "2.38900000"]], "a": [["0.00904100", "4.58700000"]]}}
{"stream": "bnbbtc@depth@100ms", "data": {"e": "depthUpdate", "E": 1726869949502, "s": "BNBBTC", "U": 3590815909, "u": 3590815909, "b": [], "a": [["0.00902000", "4.37000000"]]}}
{"stream": "bnbbtc@depth@100ms", "data": {"e": "depthUpdate", "E": 1726869949802, "s": "BNBBTC", "U": 3590815910, "u": 3590815910, "b": [["0.00898900", "10.67900000"]], "a": []}}
{"stream": "bnbbtc@depth@100ms", "data": {"e": "depthUpdate", "E": 1726869954602, "s": "BNBBTC", "U": 3590815911, "u": 3590815920, "b": [["0.00898700", "9.85300000"], ["0.00898600", "9.79200000"], ["0.00897600", "20.99100000"], ["0.00897500", "3.21500000"]], "a": [["0.00900100", "7.43500000"], ["0.00901000", "5.79300000"], ["0.00901100", "7.42700000"], ["0.00901200", "36.51400000"]]}}
{"stream": "bnbbtc@depth@100ms", "data": {"e": "depthUpdate", "E": 1726869954702, "s": "BNBBTC", "U": 3590815921, "u": 3590815931, "b": [["0.00898800", "13.28400000"], ["0.00897600", "26.50600000"], ["0.00897500", "8.45800000"], ["0.00897400", "9.87400000"], ["0.00761200", "1.45700000"]], "a": [["0.00899500", "6.41900000"], ["0.00900000", "6.24200000"], ["0.00901100", "17.12100000"], ["0.00901200", "41.75700000"], ["0.00902000", "80.46600000"]]}}
{"stream": "bnbbtc@depth@100ms", "data": {"e": "depthUpdate", "E": 1726869954902, "s": "BNBBTC", "U": 3590815932, "u": 3590815934, "b": [["0.00853300", "0.67100000"]], "a": [["0.01798600", "0.00800000"]]}}
{"stream": "bnbbtc@depth@100ms", "data": {"e": "depthUpdate", "E": 1726869955202, "s": "BNBBTC", "U": 3590815935, "u": 3590815935, "b": [["0.00865800", "0.30100000"]], "a": []}}
{"stream": "bnbbtc@depth@100ms", "data": {"e": "depthUpdate", "E": 1726869955502, "s": "BNBBTC", "U": 3590815936, "u": 3590815936, "b": [["0.00874300", "0.26600000"]], "a": []}}
{"stream": "bnbbtc@depth@100ms", "data": {"e": "depthUpdate", "E": 1726869955803, "s": "BNBBTC", "U": 3590815937, "u": 3590815937, "b": [["0.00898800", "13.48700000"]], "a": []}}
{"stream": "bnbbtc@depth@100ms", "data": {"e": "depthUpdate", "E": 1726869956503, "s": "BNBBTC", "U": 3590815938, "u": 3590815938, "b": [], "a": [["0.00902000", "4.37000000"]]}}
{"stream": "bnbbtc@depth@100ms", "data": {"e": "depthUpdate", "E": 1726869956702, "s": "BNBBTC", "U": 3590815939, "u": 3590815939, "b": [["0.00898900", "13.67900000"]], "a": []}}
{"stream": "bnbbtc@depth@100ms", "data": {"e": "depthUpdate", "E": 1726869957402, "s": "BNBBTC", "U": 3590815940, "u": 3590815940, "b": [], "a": [["0.00902000", "80.46600000"]]}}
{"stream": "bnbbtc@depth@100ms", "data": {"e": "depthUpdate", "E": 1726869957502, "s": "BNBBTC", "U": 3590815941, "u": 3590815941, "b": [["0.00813900", "13.00500000"]], "a": []}}
{"stream": "bnbbtc@bookTicker", "data": {"u": 3590815942, "s": "BNBBTC", "b": "0.00899200", "B": "19.56800000", "a": "0.00899300", "A": "0.82200000"}}
{"stream": "bnbbtc@bookTicker", "data": {"u": 3590815943, "s": "BNBBTC", "b": "0.00899200", "B": "19.56800000", "a": "0.00899300", "A": "0.37600000"}}
{"stream": "bnbbtc@bookTicker", "data": {"u": 3590815945, "s": "BNBBTC", "b": "0.00899200", "B": "21.35100000", "a": "0.00899300", "A": "0.37600000"}}
{"stream": "bnbbtc@depth@100ms", "data": {"e": "depthUpdate", "E": 1726869958202, "s": "BNBBTC", "U": 3590815942, "u": 3590815951, "b": [["0.00899200", "21.35100000"], ["0.00899100", "26.36500000"], ["0.00898800", "9.61800000"]], "a": [["0.00899300", "0.37600000"], ["0.00899600", "11.57200000"], ["0.00899800", "14.95000000"], ["0.00900500", "10.61600000"], ["0.00948000", "6.02400000"]]}}
{"stream": "bnbbtc@bookTicker", "data": {"u": 3590815953, "s": "BNBBTC", "b": "0.00899200", "B": "25.86500000", "a": "0.00899300", "A": "0.37600000"}}
{"stream": "bnbbtc@bookTicker", "data": {"u": 3590815954, "s": "BNBBTC", "b": "0.00899200", "B": "40.00500000", "a": "0.00899300", "A": "0.37600000"}}
{"stream": "bnbbtc@bookTicker", "data": {"u": 3590815957, "s": "BNBBTC", "b": "0.00899200", "B": "25.86500000", "a": "0.00899300", "A": "0.37600000"}}
{"stream": "bnbbtc@depth@100ms", "data": {"e": "depthUpdate", "E": 1726869958302, "s": "BNBBTC", "U": 3590815952, "u": 3590815957, "b": [["0.00899200", "25.86500000"], ["0.00899100", "12.22100000"], ["0.00898800", "9.41500000"]], "a": [["0.00899400", "2.16800000"], ["0.00900400", "7.33800000"]]}}
{"stream": "bnbbtc@bookTicker", "data": {"u": 3590815958, "s": "BNBBTC", "b": "0.00899200", "B": "21.35100000", "a": "0.00899300", "A": "0.37600000"}}
{"stream": "bnbbtc@depth@100ms", "data": {"e": "depthUpdate", "E": 1726869958402, "s": "BNBBTC", "U": 3590815958, "u": 3590815959, "b": [["0.00899200", "21.35100000"], ["0.00898900", "17.54800000"]], "a": []}}
{"stream": "bnbbtc@depth@100ms", "data": {"e": "depthUpdate", "E": 1726869958502, "s": "BNBBTC", "U": 3590815960, "u": 3590815961, "b": [], "a": [["0.00899400", "4.81800000"], ["0.00899600", "16.21300000"]]}}
{"stream": "bnbbtc@depth@100ms", "data": {"e": "depthUpdate", "E": 1726869958602, "s": "BNBBTC", "U": 3590815962, "u": 3590815966, "b": [["0.00895100", "2.38900000"]], "a": [["0.00899900", "33.19000000"], ["0.00900000", "7.88100000"], ["0.00900200", "6.69100000"], ["0.00904100", "4.58700000"]]}}
{"stream": "bnbbtc@depth@100ms", "data": {"e": "depthUpdate", "E": 1726869958702, "s": "BNBBTC", "U": 3590815967, "u": 3590815968, "b": [["0.00898800", "9.61800000"]], "a": [["0.00899600", "11.57200000"]]}}
{"stream": "bnbbtc@bookTicker", "data": {"u": 3590815969, "s": "BNBBTC", "b": "0.00899200", "B": "18.84000000", "a": "0.00899300", "A": "0.37600000"}}
{"stream": "bnbbtc@depth@100ms", "data": {"e": "depthUpdate", "E": 1726869958802, "s": "BNBBTC", "U": 3590815969, "u": 3590815971, "b": [["0.00899200", "18.84000000"], ["0.00897900", "9.37300000"], ["0.00897600", "25.02200000"]], "a": [["0.00900100", "8.54900000"]]}}
{"stream": "bnbbtc@depth@100ms", "data": {"e": "depthUpdate", "E": 1726869959107, "s": "BNBBTC", "U": 3590815972, "u": 3590815972, "b": [["0.00898900", "13.67900000"]], "a": []}}
{"stream": "bnbbtc@depth@100ms", "data": {"e": "depthUpdate", "E": 1726869959202, "s": "BNBBTC", "U": 3590815973, "u": 3590815977, "b": [["0.00899100", "26.54900000"], ["0.00898800", "7.37800000"], ["0.00898600", "13.22000000"]], "a": []}}
{"stream": "bnbbtc@bookTicker", "data": {"u": 3590815978, "s": "BNBBTC", "b": "0.00899200", "B": "23.28700000", "a": "0.00899300", "A": "0.37600000"}}
{"stream": "bnbbtc@depth@100ms", "data": {"e": "depthUpdate", "E": 1726869959302, "s": "BNBBTC", "U": 3590815978, "u": 3590815979, "b": [["0.00899200", "23.28700000"], ["0.00898900", "17.54800000"]], "a": []}}
{"stream": "bnbbtc@depth@100ms", "data": {"e": "depthUpdate", "E": 1726869959402, "s": "BNBBTC", "U": 3590815980, "u": 3590815980, "b": [["0.00898900", "14.54800000"]], "a": []}}
{"stream": "bnbbtc@depth@100ms", "data": {"e": "depthUpdate", "E": 1726869959502, "s": "BNBBTC", "U": 3590815981, "u": 3590815982, "b": [], "a": [["0.00899800", "11.08100000"], ["0.00902000", "4.37000000"]]}}
{"stream": "bnbbtc@depth@100ms", "data": {"e": "depthUpdate", "E": 1726869959602, "s": "BNBBTC", "U": 3590815983, "u": 3590815983, "b": [], "a": [["0.00899700", "17.23200000"]]}}
{"stream": "bnbbtc@depth@100ms", "data": {"e": "depthUpdate", "E": 1726869960302, "s": "BNBBTC", "U": 3590815984, "u": 3590815986, "b": [["0.00898900", "17.54800000"], ["0.00898800", "7.58100000"]], "a": [["0.00899700", "13.36300000"]]}}
{"stream": "bnbbtc@depth@100ms", "data": {"e": "depthUpdate", "E": 1726869960402, "s": "BNBBTC", "U": 3590815987, "u": 3590815987, "b": [], "a": [["0.00899700", "17.23200000"]]}}
{"stream": "bnbbtc@depth@100ms", "data": {"e": "depthUpdate", "E": 1726869960502, "s": "BNBBTC", "U": 3590815988, "u": 3590815988, "b": [], "a": [["0.00900300", "13.68000000"]]}}
{"stream": "bnbbtc@depth@100ms", "data": {"e": "depthUpdate", "E": 1726869960602, "s": "BNBBTC", "U": 3590815989, "u": 3590815989, "b": [["0.00813900", "8.09100000"]], "a": []}}
{"stream": "bnbbtc@depth@100ms", "data": {"e": "depthUpdate", "E": 1726869961403, "s": "BNBBTC", "U": 3590815990, "u": 3590815993, "b": [["0.00899300", "4.07000000"]], "a": [["0.00899300", "0.00000000"], ["0.00899400", "2.16800000"], ["0.00899500", "2.49600000"], ["0.00899700", "13.36300000"]]}}
{"stream": "bnbbtc@bookTicker", "data": {"u": 3590815991, "s": "BNBBTC", "b": "0.00899300", "B": "4.07000000", "a": "0.00899400", "A": "2.16800000"}}
{"stream": "bnbbtc@trade", "data": {"e": "trade", "E": 1726869961400, "s": "BNBBTC", "t": 258626465, "p": "0.00899300", "q": "0.37600000", "T": 1726869961399, "m": false, "M": true}}
{"stream": "bnbbtc@bookTicker", "data": {"u": 3590815994, "s": "BNBBTC", "b": "0.00899300", "B": "8.56600000", "a": "0.00899400", "A": "2.16800000"}}
{"stream": "bnbbtc@bookTicker", "data": {"u": 3590815995, "s": "BNBBTC", "b": "0.00899300", "B": "8.95200000", "a": "0.00899400", "A": "2.16800000"}}
{"stream": "bnbbtc@bookTicker", "data": {"u": 3590815996, "s": "BNBBTC", "b": "0.00899300", "B": "12.42000000", "a": "0.00899400", "A": "2.16800000"}}
{"stream": "bnbbtc@bookTicker", "data": {"u": 3590815997, "s": "BNBBTC", "b": "0.00899300", "B": "12.42000000", "a": "0.00899400", "A": "2.27700000"}}
{"stream": "bnbbtc@bookTicker", "data": {"u": 3590815998, "s": "BNBBTC", "b": "0.00899300", "B": "15.14000000", "a": "0.00899400", "A": "2.27700000"}}
{"stream": "bnbbtc@bookTicker", "data": {"u": 3590815999, "s": "BNBBTC", "b": "0.00899300", "B": "15.50700000", "a": "0.00899400", "A": "2.27700000"}}
{"stream": "bnbbtc@bookTicker", "data": {"u": 3590816000, "s": "BNBBTC", "b": "0.00899300", "B": "15.58100000", "a": "0.00899400", "A": "2.27700000"}}
{"stream": "bnbbtc@bookTicker", "data": {"u": 3590816004, "s": "BNBBTC", "b": "0.00899300", "B": "15.58100000", "a": "0.00899400", "A": "2.16800000"}}
{"stream": "bnbbtc@bookTicker", "data": {"u": 3590816005, "s": "BNBBTC", "b": "0.00899300", "B": "15.75600000", "a": "0.00899400", "A": "2.16800000"}}
{"stream": "bnbbtc@depth@100ms", "data": {"e": "depthUpdate", "E": 1726869961502, "s": "BNBBTC", "U": 3590815994, "u": 3590816012, "b": [["0.00899300", "15.75600000"], ["0.00898900", "19.58500000"], ["0.00898600", "11.18300000"]], "a": [["0.00899400", "2.16800000"], ["0.00899500", "2.05000000"], ["0.00899600", "2.62100000"], ["0.00899700", "6.37300000"], ["0.00899800", "17.38600000"], ["0.00899900", "32.31700000"], ["0.00900000", "6.24200000"], ["0.00900300", "7.26100000"]]}}
{"stream": "bnbbtc@bookTicker", "data": {"u": 3590816013, "s": "BNBBTC", "b": "0.00899300", "B": "19.89200000", "a": "0.00899400", "A": "2.16800000"}}
{"stream": "bnbbtc@depth@100ms", "data": {"e": "depthUpdate", "E": 1726869961602, "s": "BNBBTC", "U": 3590816013, "u": 3590816017, "b": [["0.00899300", "19.89200000"], ["0.00899100", "30.41800000"], ["0.00898900", "15.71600000"]], "a": [["0.00899700", "9.37300000"], ["0.00899800", "21.25500000"]]}}
{"stream": "bnbbtc@bookTicker", "data": {"u": 3590816021, "s": "BNBBTC", "b": "0.00899300", "B": "22.91900000", "a": "0.00899400", "A": "2.16800000"}}
{"stream": "bnbbtc@depth@100ms", "data": {"e": "depthUpdate", "E": 1726869961702, "s": "BNBBTC", "U": 3590816018, "u": 3590816024, "b": [["0.00899300", "22.91900000"], ["0.00899200", "15.61700000"]], "a": [["0.00899500", "5.07900000"], ["0.00899600", "2.62100000"], ["0.00899800", "27.12800000"]]}}
{"stream": "bnbbtc@bookTicker", "data": {"u": 3590816025, "s": "BNBBTC", "b": "0.00899400", "B": "2.25700000", "a": "0.00899500", "A": "5.07900000"}}
{"stream": "bnbbtc@trade", "data": {"e": "trade", "E": 1726869962608, "s": "BNBBTC", "t": 258626466, "p": "0.00899400", "q": "0.09300000", "T": 1726869962607, "m": false, "M": true}}
{"stream": "bnbbtc@trade", "data": {"e": "trade", "E": 1726869962608, "s": "BNBBTC", "t": 258626467, "p": "0.00899400", "q": "0.25000000", "T": 1726869962607, "m": false, "M": true}}
{"stream": "bnbbtc@trade", "data": {"e": "trade", "E": 1726869962608, "s": "BNBBTC", "t": 258626468, "p": "0.00899400", "q": "0.50000000", "T": 1726869962607, "m": false, "M": true}}
{"stream": "bnbbtc@trade", "data": {"e": "trade", "E": 1726869962608, "s": "BNBBTC", "t": 258626469, "p": "0.00899400", "q": "0.40000000", "T": 1726869962607, "m": false, "M": true}}
{"stream": "bnbbtc@trade", "data": {"e": "trade", "E": 1726869962608, "s": "BNBBTC", "t": 258626470, "p": "0.00899400", "q": "0.50000000", "T": 1726869962607, "m": false, "M": true}}
{"stream": "bnbbtc@trade", "data": {"e": "trade", "E": 1726869962608, "s": "BNBBTC", "t": 258626471, "p": "0.00899400", "q": "0.15000000", "T": 1726869962607, "m": false, "M": true}}
{"stream": "bnbbtc@trade", "data": {"e": "trade", "E": 1726869962608, "s": "BNBBTC", "t": 258626472, "p": "0.00899400", "q": "0.27500000", "T": 1726869962607, "m": false, "M": true}}
{"stream": "bnbbtc@bookTicker", "data": {"u": 3590816026, "s": "BNBBTC", "b": "0.00899400", "B": "2.64000000", "a": "0.00899500", "A": "5.07900000"}}
{"stream": "bnbbtc@bookTicker", "data": {"u": 3590816028, "s": "BNBBTC", "b": "0.00899400", "B": "2.71400000", "a": "0.00899500", "A": "5.07900000"}}
{"stream": "bnbbtc@bookTicker", "data": {"u": 3590816030, "s": "BNBBTC", "b": "0.00899400", "B": "7.16100000", "a": "0.00899500", "A": "5.07900000"}}
{"stream": "bnbbtc@bookTicker", "data": {"u": 3590816031, "s": "BNBBTC", "b": "0.00899400", "B": "9.17900000", "a": "0.00899500", "A": "5.07900000"}}
{"stream": "bnbbtc@bookTicker", "data": {"u": 3590816032, "s": "BNBBTC", "b": "0.00899400", "B": "9.35400000", "a": "0.00899500", "A": "5.07900000"}}
{"stream": "bnbbtc@bookTicker", "data": {"u": 3590816033, "s": "BNBBTC", "b": "0.00899400", "B": "11.51600000", "a": "0.00899500", "A": "5.07900000"}}
{"stream": "bnbbtc@bookTicker", "data": {"u": 3590816034, "s": "BNBBTC", "b": "0.00899400", "B": "16.66200000", "a": "0.00899500", "A": "5.07900000"}}
{"stream": "bnbbtc@bookTicker", "data": {"u": 3590816036, "s": "BNBBTC", "b": "0.00899400", "B": "19.49400000", "a": "0.00899500", "A": "5.07900000"}}
{"stream": "bnbbtc@bookTicker", "data": {"u": 3590816038, "s": "BNBBTC", "b": "0.00899400", "B": "22.52400000", "a": "0.00899500", "A": "5.07900000"}}
{"stream": "bnbbtc@depth@100ms", "data": {"e": "depthUpdate", "E": 1726869962702, "s": "BNBBTC", "U": 3590816025, "u": 3590816040, "b": [["0.00899400", "22.52400000"], ["0.00899300", "13.03600000"], ["0.00899200", "12.78500000"], ["0.00899100", "26.54900000"]], "a": [["0.00899400", "0.00000000"], ["0.00900000", "7.11300000"]]}}
{"stream": "bnbbtc@bookTicker", "data": {"u": 3590816041, "s": "BNBBTC", "b": "0.00899400", "B": "17.37800000", "a": "0.00899500", "A": "5.07900000"}}
{"stream": "bnbbtc@bookTicker", "data": {"u": 3590816042, "s": "BNBBTC", "b": "0.00899400", "B": "18.78100000", "a": "0.00899500", "A": "5.07900000"}}
{"stream": "bnbbtc@bookTicker", "data": {"u": 3590816044, "s": "BNBBTC", "b": "0.00899400", "B": "25.42200000", "a": "0.00899500", "A": "5.07900000"}}
{"stream": "bnbbtc@depth@100ms", "data": {"e": "depthUpdate", "E": 1726869962802, "s": "BNBBTC", "U": 3590816041, "u": 3590816045, "b": [["0.00899400", "25.42200000"], ["0.00899100", "24.18200000"]], "a": []}}
{"stream": "bnbbtc@bookTicker", "data": {"u": 3590816047, "s": "BNBBTC", "b": "0.00899400", "B": "26.82700000", "a": "0.00899500", "A": "5.07900000"}}
{"stream": "bnbbtc@depth@100ms", "data": {"e": "depthUpdate", "E": 1726869962902, "s": "BNBBTC", "U": 3590816046, "u": 3590816047, "b": [["0.00899400", "26.82700000"]], "a": [["0.00900200", "8.33000000"]]}}
{"stream": "bnbbtc@depth@100ms", "data": {"e": "depthUpdate", "E": 1726869963202, "s": "BNBBTC", "U": 3590816048, "u": 3590816048, "b": [], "a": [["0.00900600", "16.96000000"]]}}
{"stream": "bnbbtc@bookTicker", "data": {"u": 3590816049, "s": "BNBBTC", "b": "0.00899400", "B": "29.62700000", "a": "0.00899500", "A": "5.07900000"}}
{"stream": "bnbbtc@bookTicker", "data": {"u": 3590816050, "s": "BNBBTC", "b": "0.00899400", "B": "26.82700000", "a": "0.00899500", "A": "5.07900000"}}
{"stream": "bnbbtc@bookTicker", "data": {"u": 3590816051, "s": "BNBBTC", "b": "0.00899400", "B": "25.42200000", "a": "0.00899500", "A": "5.07900000"}}
