{"stream": "bnbbtc@depth5@100ms", "data": {"lastUpdateId": 3588738208, "bids": [["0.00910100", "8.59300000"], ["0.00910000", "21.30500000"], ["0.00909900", "18.46200000"], ["0.00909800", "6.11800000"], ["0.00909700", "8.71200000"]], "asks": [["0.00910200", "8.20200000"], ["0.00910300", "11.38900000"], ["0.00910400", "12.63400000"], ["0.00910500", "12.14800000"], ["0.00910600", "6.61100000"]]}}
{"stream": "bnbbtc@bookTicker", "data": {"u": 3588738209, "s": "BNBBTC", "b": "0.00910100", "B": "8.56300000", "a": "0.00910200", "A": "8.20200000"}}
{"stream": "bnbbtc@trade", "data": {"e": "trade", "E": 1726697782853, "s": "BNBBTC", "t": 258441936, "p": "0.00910100", "q": "0.03000000", "T": 1726697782853, "m": true, "M": true}}
{"stream": "bnbbtc@depth5@100ms", "data": {"lastUpdateId": 3588738209, "bids": [["0.00910100", "8.56300000"], ["0.00910000", "21.30500000"], ["0.00909900", "18.46200000"], ["0.00909800", "6.11800000"], ["0.00909700", "8.71200000"]], "asks": [["0.00910200", "8.20200000"], ["0.00910300", "11.38900000"], ["0.00910400", "12.63400000"], ["0.00910500", "12.14800000"], ["0.00910600", "6.61100000"]]}}
{"stream": "bnbbtc@depth5@100ms", "data": {"lastUpdateId": 3588738211, "bids": [["0.00910100", "8.56300000"], ["0.00910000", "21.30500000"], ["0.00909900", "18.46200000"], ["0.00909800", "6.11800000"], ["0.00909700", "8.71200000"]], "asks": [["0.00910200", "8.20200000"], ["0.00910300", "11.88900000"], ["0.00910400", "11.63400000"], ["0.00910500", "12.14800000"], ["0.00910600", "6.61100000"]]}}
{"stream": "bnbbtc@depth5@100ms", "data": {"lastUpdateId": 3588738214, "bids": [["0.00910100", "8.56300000"], ["0.00910000", "21.30500000"], ["0.00909900", "18.46200000"], ["0.00909800", "6.11800000"], ["0.00909700", "8.71200000"]], "asks": [["0.00910200", "8.20200000"], ["0.00910300", "11.88900000"], ["0.00910400", "12.13400000"], ["0.00910500", "12.14800000"], ["0.00910600", "6.61100000"]]}}
{"stream": "bnbbtc@depth5@100ms", "data": {"lastUpdateId": 3588738215, "bids": [["0.00910100", "8.56300000"], ["0.00910000", "21.30500000"], ["0.00909900", "18.46200000"], ["0.00909800", "6.11800000"], ["0.00909700", "8.71200000"]], "asks": [["0.00910200", "8.20200000"], ["0.00910300", "11.88900000"], ["0.00910400", "12.13400000"], ["0.00910500", "12.14800000"], ["0.00910600", "6.61100000"]]}}
{"stream": "bnbbtc@bookTicker", "data": {"u": 3588738216, "s": "BNBBTC", "b": "0.00910100", "B": "8.56300000", "a": "0.00910200", "A": "8.24900000"}}
{"stream": "bnbbtc@depth5@100ms", "data": {"lastUpdateId": 3588738216, "bids": [["0.00910100", "8.56300000"], ["0.00910000", "21.30500000"], ["0.00909900", "18.46200000"], ["0.00909800", "6.11800000"], ["0.00909700", "8.71200000"]], "asks": [["0.00910200", "8.24900000"], ["0.00910300", "11.88900000"], ["0.00910400", "12.13400000"], ["0.00910500", "12.14800000"], ["0.00910600", "6.61100000"]]}}
{"stream": "bnbbtc@depth5@100ms", "data": {"lastUpdateId": 3588738217, "bids": [["0.00910100", "8.56300000"], ["0.00910000", "21.30500000"], ["0.00909900", "18.46200000"], ["0.00909800", "6.11800000"], ["0.00909700", "8.71200000"]], "asks": [["0.00910200", "8.24900000"], ["0.00910300", "11.88900000"], ["0.00910400", "12.13400000"], ["0.00910500", "12.14800000"], ["0.00910600", "6.61100000"]]}}
{"stream": "bnbbtc@depth5@100ms", "data": {"lastUpdateId": 3588738218, "bids": [["0.00910100", "8.56300000"], ["0.00910000", "21.30500000"], ["0.00909900", "18.46200000"], ["0.00909800", "6.11800000"], ["0.00909700", "8.74900000"]], "asks": [["0.00910200", "8.24900000"], ["0.00910300", "11.88900000"], ["0.00910400", "12.13400000"], ["0.00910500", "12.14800000"], ["0.00910600", "6.61100000"]]}}
{"stream": "bnbbtc@depth5@100ms", "data": {"lastUpdateId": 3588738219, "bids": [["0.00910100", "8.56300000"], ["0.00910000", "21.30500000"], ["0.00909900", "18.46200000"], ["0.00909800", "6.11800000"], ["0.00909700", "9.07700000"]], "asks": [["0.00910200", "8.24900000"], ["0.00910300", "11.88900000"], ["0.00910400", "12.13400000"], ["0.00910500", "12.14800000"], ["0.00910600", "6.61100000"]]}}
{"stream": "bnbbtc@depth5@100ms", "data": {"lastUpdateId": 3588738220, "bids": [["0.00910100", "8.56300000"], ["0.00910000", "21.30500000"], ["0.00909900", "18.46200000"], ["0.00909800", "6.11800000"], ["0.00909700", "9.04000000"]], "asks": [["0.00910200", "8.24900000"], ["0.00910300", "11.88900000"], ["0.00910400", "12.13400000"], ["0.00910500", "12.14800000"], ["0.00910600", "6.61100000"]]}}
{"stream": "bnbbtc@bookTicker", "data": {"u": 3588738221, "s": "BNBBTC", "b": "0.00910100", "B": "8.60000000", "a": "0.00910200", "A": "8.24900000"}}
{"stream": "bnbbtc@depth5@100ms", "data": {"lastUpdateId": 3588738221, "bids": [["0.00910100", "8.60000000"], ["0.00910000", "21.30500000"], ["0.00909900", "18.46200000"], ["0.00909800", "6.11800000"], ["0.00909700", "9.04000000"]], "asks": [["0.00910200", "8.24900000"], ["0.00910300", "11.88900000"], ["0.00910400", "12.13400000"], ["0.00910500", "12.14800000"], ["0.00910600", "6.61100000"]]}}
{"stream": "bnbbtc@depth5@100ms", "data": {"lastUpdateId": 3588738222, "bids": [["0.00910100", "8.60000000"], ["0.00910000", "21.30500000"], ["0.00909900", "18.46200000"], ["0.00909800", "6.11800000"], ["0.00909700", "8.71200000"]], "asks": [["0.00910200", "8.24900000"], ["0.00910300", "11.88900000"], ["0.00910400", "12.13400000"], ["0.00910500", "12.14800000"], ["0.00910600", "6.61100000"]]}}
{"stream": "bnbbtc@bookTicker", "data": {"u": 3588738223, "s": "BNBBTC", "b": "0.00910100", "B": "7.62000000", "a": "0.00910200", "A": "8.24900000"}}
{"stream": "bnbbtc@bookTicker", "data": {"u": 3588738224, "s": "BNBBTC", "b": "0.00910100", "B": "6.32400000", "a": "0.00910200", "A": "8.24900000"}}
{"stream": "bnbbtc@bookTicker", "data": {"u": 3588738225, "s": "BNBBTC", "b": "0.00910100", "B": "5.90800000", "a": "0.00910200", "A": "8.24900000"}}
{"stream": "bnbbtc@bookTicker", "data": {"u": 3588738226, "s": "BNBBTC", "b": "0.00910100", "B": "4.78700000", "a": "0.00910200", "A": "8.24900000"}}
{"stream": "bnbbtc@bookTicker", "data": {"u": 3588738229, "s": "BNBBTC", "b": "0.00910100", "B": "5.11500000", "a": "0.00910200", "A": "8.24900000"}}
{"stream": "bnbbtc@depth5@100ms", "data": {"lastUpdateId": 3588738229, "bids": [["0.00910100", "5.11500000"], ["0.00910000", "21.30500000"], ["0.00909900", "18.46200000"], ["0.00909800", "6.11800000"], ["0.00909700", "8.71200000"]], "asks": [["0.00910200", "8.24900000"], ["0.00910300", "18.22200000"], ["0.00910400", "12.13400000"], ["0.00910500", "5.93400000"], ["0.00910600", "6.61100000"]]}}
{"stream": "bnbbtc@bookTicker", "data": {"u": 3588738232, "s": "BNBBTC", "b": "0.00910100", "B": "5.50100000", "a": "0.00910200", "A": "8.24900000"}}
{"stream": "bnbbtc@depth5@100ms", "data": {"lastUpdateId": 3588738232, "bids": [["0.00910100", "5.50100000"], ["0.00910000", "21.30500000"], ["0.00909900", "18.46200000"], ["0.00909800", "6.11800000"], ["0.00909700", "8.71200000"]], "asks": [["0.00910200", "8.24900000"], ["0.00910300", "18.22200000"], ["0.00910400", "10.13700000"], ["0.00910500", "5.93400000"], ["0.00910600", "6.61100000"]]}}
{"stream": "bnbbtc@depth5@100ms", "data": {"lastUpdateId": 3588738235, "bids": [["0.00910100", "5.50100000"], ["0.00910000", "21.30500000"], ["0.00909900", "18.46200000"], ["0.00909800", "6.11800000"], ["0.00909700", "8.71200000"]], "asks": [["0.00910200", "8.24900000"], ["0.00910300", "18.22200000"], ["0.00910400", "10.13700000"], ["0.00910500", "5.93400000"], ["0.00910600", "6.61100000"]]}}
{"stream": "bnbbtc@depth5@100ms", "data": {"lastUpdateId": 3588738237, "bids": [["0.00910100", "5.50100000"], ["0.00910000", "21.30500000"], ["0.00909900", "18.46200000"], ["0.00909800", "6.11800000"], ["0.00909700", "8.71200000"]], "asks": [["0.00910200", "8.24900000"], ["0.00910300", "18.22200000"], ["0.00910400", "10.13700000"], ["0.00910500", "7.92900000"], ["0.00910600", "6.61100000"]]}}
{"stream": "bnbbtc@bookTicker", "data": {"u": 3588738238, "s": "BNBBTC", "b": "0.00910100", "B": "5.11500000", "a": "0.00910200", "A": "8.24900000"}}
{"stream": "bnbbtc@depth5@100ms", "data": {"lastUpdateId": 3588738238, "bids": [["0.00910100", "5.11500000"], ["0.00910000", "21.30500000"], ["0.00909900", "18.46200000"], ["0.00909800", "6.11800000"], ["0.00909700", "8.71200000"]], "asks": [["0.00910200", "8.24900000"], ["0.00910300", "18.22200000"], ["0.00910400", "10.13700000"], ["0.00910500", "7.92900000"], ["0.00910600", "6.61100000"]]}}
{"stream": "bnbbtc@depth5@100ms", "data": {"lastUpdateId": 3588738239, "bids": [["0.00910100", "5.11500000"], ["0.00910000", "21.30500000"], ["0.00909900", "18.46200000"], ["0.00909800", "6.11800000"], ["0.00909700", "8.71200000"]], "asks": [["0.00910200", "8.24900000"], ["0.00910300", "19.07200000"], ["0.00910400", "9.28600000"], ["0.00910500", "7.92900000"], ["0.00910600", "6.61100000"]]}}
{"stream": "bnbbtc@depth5@100ms", "data": {"lastUpdateId": 3588738241, "bids": [["0.00910100", "5.11500000"], ["0.00910000", "21.30500000"], ["0.00909900", "18.46200000"], ["0.00909800", "6.11800000"], ["0.00909700", "8.71200000"]], "asks": [["0.00910200", "8.24900000"], ["0.00910300", "19.07200000"], ["0.00910400", "9.28600000"], ["0.00910500", "7.92900000"], ["0.00910600", "6.61100000"]]}}
{"stream": "bnbbtc@bookTicker", "data": {"u": 3588738242, "s": "BNBBTC", "b": "0.00910100", "B": "5.07800000", "a": "0.00910200", "A": "8.24900000"}}
{"stream": "bnbbtc@depth5@100ms", "data": {"lastUpdateId": 3588738242, "bids": [["0.00910100", "5.07800000"], ["0.00910000", "21.30500000"], ["0.00909900", "18.46200000"], ["0.00909800", "6.11800000"], ["0.00909700", "8.71200000"]], "asks": [["0.00910200", "8.24900000"], ["0.00910300", "19.07200000"], ["0.00910400", "9.28600000"], ["0.00910500", "7.92900000"], ["0.00910600", "6.61100000"]]}}
{"stream": "bnbbtc@trade", "data": {"e": "trade", "E": 1726697790001, "s": "BNBBTC", "t": 258441937, "p": "0.00910200", "q": "0.03700000", "T": 1726697790001, "m": false, "M": true}}
{"stream": "bnbbtc@bookTicker", "data": {"u": 3588738243, "s": "BNBBTC", "b": "0.00910100", "B": "5.07800000", "a": "0.00910200", "A": "8.21200000"}}
{"stream": "bnbbtc@depth5@100ms", "data": {"lastUpdateId": 3588738243, "bids": [["0.00910100", "5.07800000"], ["0.00910000", "21.30500000"], ["0.00909900", "18.46200000"], ["0.00909800", "6.11800000"], ["0.00909700", "8.71200000"]], "asks": [["0.00910200", "8.21200000"], ["0.00910300", "19.07200000"], ["0.00910400", "9.28600000"], ["0.00910500", "7.92900000"], ["0.00910600", "6.61100000"]]}}
{"stream": "bnbbtc@bookTicker", "data": {"u": 3588738244, "s": "BNBBTC", "b": "0.00910100", "B": "4.75000000", "a": "0.00910200", "A": "8.21200000"}}
{"stream": "bnbbtc@depth5@100ms", "data": {"lastUpdateId": 3588738244, "bids": [["0.00910100", "4.75000000"], ["0.00910000", "21.30500000"], ["0.00909900", "18.46200000"], ["0.00909800", "6.11800000"], ["0.00909700", "8.71200000"]], "asks": [["0.00910200", "8.21200000"], ["0.00910300", "19.07200000"], ["0.00910400", "9.28600000"], ["0.00910500", "7.92900000"], ["0.00910600", "6.61100000"]]}}
{"stream": "bnbbtc@trade", "data": {"e": "trade", "E": 1726697791488, "s": "BNBBTC", "t": 258441938, "p": "0.00910200", "q": "0.32800000", "T": 1726697791488, "m": false, "M": true}}
{"stream": "bnbbtc@bookTicker", "data": {"u": 3588738245, "s": "BNBBTC", "b": "0.00910100", "B": "4.75000000", "a": "0.00910200", "A": "7.88400000"}}
{"stream": "bnbbtc@depth5@100ms", "data": {"lastUpdateId": 3588738245, "bids": [["0.00910100", "4.75000000"], ["0.00910000", "21.30500000"], ["0.00909900", "18.46200000"], ["0.00909800", "6.11800000"], ["0.00909700", "8.71200000"]], "asks": [["0.00910200", "7.88400000"], ["0.00910300", "19.07200000"], ["0.00910400", "9.28600000"], ["0.00910500", "7.92900000"], ["0.00910600", "6.61100000"]]}}
{"stream": "bnbbtc@bookTicker", "data": {"u": 3588738246, "s": "BNBBTC", "b": "0.00910100", "B": "4.75000000", "a": "0.00910200", "A": "7.85700000"}}
{"stream": "bnbbtc@bookTicker", "data": {"u": 3588738248, "s": "BNBBTC", "b": "0.00910100", "B": "4.75000000", "a": "0.00910200", "A": "7.67500000"}}
{"stream": "bnbbtc@bookTicker", "data": {"u": 3588738249, "s": "BNBBTC", "b": "0.00910100", "B": "4.77700000", "a": "0.00910200", "A": "7.67500000"}}
{"stream": "bnbbtc@bookTicker", "data": {"u": 3588738251, "s": "BNBBTC", "b": "0.00910100", "B": "6.10400000", "a": "0.00910200", "A": "7.67500000"}}
{"stream": "bnbbtc@bookTicker", "data": {"u": 3588738252, "s": "BNBBTC", "b": "0.00910100", "B": "6.51400000", "a": "0.00910200", "A": "7.67500000"}}
{"stream": "bnbbtc@bookTicker", "data": {"u": 3588738254, "s": "BNBBTC", "b": "0.00910100", "B": "5.18700000", "a": "0.00910200", "A": "7.67500000"}}
{"stream": "bnbbtc@bookTicker", "data": {"u": 3588738255, "s": "BNBBTC", "b": "0.00910100", "B": "6.06600000", "a": "0.00910200", "A": "7.67500000"}}
{"stream": "bnbbtc@depth5@100ms", "data": {"lastUpdateId": 3588738256, "bids": [["0.00910100", "6.06600000"], ["0.00910000", "21.30500000"], ["0.00909900", "18.46200000"], ["0.00909800", "6.11800000"], ["0.00909700", "8.71200000"]], "asks": [["0.00910200", "7.67500000"], ["0.00910300", "11.88900000"], ["0.00910400", "6.65300000"], ["0.00910500", "7.92900000"], ["0.00910600", "6.61100000"]]}}
{"stream": "bnbbtc@bookTicker", "data": {"u": 3588738259, "s": "BNBBTC", "b": "0.00910100", "B": "6.99800000", "a": "0.00910200", "A": "7.67500000"}}
{"stream": "bnbbtc@bookTicker", "data": {"u": 3588738262, "s": "BNBBTC", "b": "0.00910100", "B": "6.99800000", "a": "0.00910200", "A": "5.64800000"}}
{"stream": "bnbbtc@bookTicker", "data": {"u": 3588738263, "s": "BNBBTC", "b": "0.00910100", "B": "6.99800000", "a": "0.00910200", "A": "5.18100000"}}
{"stream": "bnbbtc@bookTicker", "data": {"u": 3588738264, "s": "BNBBTC", "b": "0.00910100", "B": "6.99800000", "a": "0.00910200", "A": "3.74900000"}}
{"stream": "bnbbtc@bookTicker", "data": {"u": 3588738265, "s": "BNBBTC", "b": "0.00910100", "B": "6.99800000", "a": "0.00910200", "A": "3.33900000"}}
{"stream": "bnbbtc@bookTicker", "data": {"u": 3588738267, "s": "BNBBTC", "b": "0.00910100", "B": "9.36300000", "a": "0.00910200", "A": "3.33900000"}}
{"stream": "bnbbtc@bookTicker", "data": {"u": 3588738268, "s": "BNBBTC", "b": "0.00910100", "B": "14.88700000", "a": "0.00910200", "A": "3.33900000"}}
{"stream": "bnbbtc@bookTicker", "data": {"u": 3588738269, "s": "BNBBTC", "b": "0.00910100", "B": "14.88700000", "a": "0.00910200", "A": "2.39900000"}}
{"stream": "bnbbtc@depth5@100ms", "data": {"lastUpdateId": 3588738269, "bids": [["0.00910100", "14.88700000"], ["0.00910000", "21.30500000"], ["0.00909900", "18.46200000"], ["0.00909800", "6.11800000"], ["0.00909700", "8.71200000"]], "asks": [["0.00910200", "2.39900000"], ["0.00910300", "9.52400000"], ["0.00910400", "13.21100000"], ["0.00910500", "7.92900000"], ["0.00910600", "6.61100000"]]}}
{"stream": "bnbbtc@bookTicker", "data": {"u": 3588738270, "s": "BNBBTC", "b": "0.00910100", "B": "9.36300000", "a": "0.00910200", "A": "2.39900000"}}
{"stream": "bnbbtc@bookTicker", "data": {"u": 3588738272, "s": "BNBBTC", "b": "0.00910100", "B": "9.36300000", "a": "0.00910200", "A": "2.94300000"}}
{"stream": "bnbbtc@bookTicker", "data": {"u": 3588738273, "s": "BNBBTC", "b": "0.00910100", "B": "12.05000000", "a": "0.00910200", "A": "2.94300000"}}
{"stream": "bnbbtc@bookTicker", "data": {"u": 3588738274, "s": "BNBBTC", "b": "0.00910100", "B": "12.05000000", "a": "0.00910200", "A": "3.35900000"}}
{"stream": "bnbbtc@depth5@100ms", "data": {"lastUpdateId": 3588738274, "bids": [["0.00910100", "12.05000000"], ["0.00910000", "21.30500000"], ["0.00909900", "18.46200000"], ["0.00909800", "6.11800000"], ["0.00909700", "8.71200000"]], "asks": [["0.00910200", "3.35900000"], ["0.00910300", "9.52400000"], ["0.00910400", "13.21100000"], ["0.00910500", "7.92900000"], ["0.00910600", "6.61100000"]]}}
{"stream": "bnbbtc@depth5@100ms", "data": {"lastUpdateId": 3588738281, "bids": [["0.00910100", "12.05000000"], ["0.00910000", "21.30500000"], ["0.00909900", "18.46200000"], ["0.00909800", "6.11800000"], ["0.00909700", "8.71200000"]], "asks": [["0.00910200", "3.35900000"], ["0.00910300", "9.52400000"], ["0.00910400", "15.84400000"], ["0.00910500", "7.92900000"], ["0.00910600", "6.61100000"]]}}
{"stream": "bnbbtc@depth5@100ms", "data": {"lastUpdateId": 3588738282, "bids": [["0.00910100", "12.05000000"], ["0.00910000", "21.30500000"], ["0.00909900", "18.46200000"], ["0.00909800", "6.11800000"], ["0.00909700", "8.71200000"]], "asks": [["0.00910200", "3.35900000"], ["0.00910300", "9.52400000"], ["0.00910400", "15.84400000"], ["0.00910500", "7.92900000"], ["0.00910600", "6.61100000"]]}}
{"stream": "bnbbtc@depth5@100ms", "data": {"lastUpdateId": 3588738283, "bids": [["0.00910100", "12.05000000"], ["0.00910000", "21.30500000"], ["0.00909900", "18.46200000"], ["0.00909800", "6.11800000"], ["0.00909700", "8.71200000"]], "asks": [["0.00910200", "3.35900000"], ["0.00910300", "9.52400000"], ["0.00910400", "15.84400000"], ["0.00910500", "7.92900000"], ["0.00910600", "6.61100000"]]}}
{"stream": "bnbbtc@depth5@100ms", "data": {"lastUpdateId": 3588738284, "bids": [["0.00910100", "12.05000000"], ["0.00910000", "21.30500000"], ["0.00909900", "18.46200000"], ["0.00909800", "6.11800000"], ["0.00909700", "8.71200000"]], "asks": [["0.00910200", "3.35900000"], ["0.00910300", "9.52400000"], ["0.00910400", "13.21100000"], ["0.00910500", "7.92900000"], ["0.00910600", "6.61100000"]]}}
{"stream": "bnbbtc@depth5@100ms", "data": {"lastUpdateId": 3588738285, "bids": [["0.00910100", "12.05000000"], ["0.00910000", "21.30500000"], ["0.00909900", "18.46200000"], ["0.00909800", "6.11800000"], ["0.00909700", "8.71200000"]], "asks": [["0.00910200", "3.35900000"], ["0.00910300", "9.52400000"], ["0.00910400", "15.84400000"], ["0.00910500", "7.92900000"], ["0.00910600", "6.61100000"]]}}
{"stream": "bnbbtc@bookTicker", "data": {"u": 3588738286, "s": "BNBBTC", "b": "0.00910100", "B": "12.05000000", "a": "0.00910200", "A": "3.61200000"}}
{"stream": "bnbbtc@depth5@100ms", "data": {"lastUpdateId": 3588738286, "bids": [["0.00910100", "12.05000000"], ["0.00910000", "21.30500000"], ["0.00909900", "18.46200000"], ["0.00909800", "6.11800000"], ["0.00909700", "8.71200000"]], "asks": [["0.00910200", "3.61200000"], ["0.00910300", "9.52400000"], ["0.00910400", "15.84400000"], ["0.00910500", "7.92900000"], ["0.00910600", "6.61100000"]]}}
{"stream": "bnbbtc@depth5@100ms", "data": {"lastUpdateId": 3588738287, "bids": [["0.00910100", "12.05000000"], ["0.00910000", "21.30500000"], ["0.00909900", "18.46200000"], ["0.00909800", "6.11800000"], ["0.00909700", "8.71200000"]], "asks": [["0.00910200", "3.61200000"], ["0.00910300", "9.52400000"], ["0.00910400", "15.84400000"], ["0.00910500", "7.92900000"], ["0.00910600", "6.61100000"]]}}
{"stream": "bnbbtc@depth5@100ms", "data": {"lastUpdateId": 3588738288, "bids": [["0.00910100", "12.05000000"], ["0.00910000", "21.30500000"], ["0.00909900", "18.46200000"], ["0.00909800", "6.11800000"], ["0.00909700", "8.71200000"]], "asks": [["0.00910200", "3.61200000"], ["0.00910300", "9.52400000"], ["0.00910400", "15.84400000"], ["0.00910500", "7.92900000"], ["0.00910600", "6.61100000"]]}}
{"stream": "bnbbtc@depth5@100ms", "data": {"lastUpdateId": 3588738290, "bids": [["0.00910100", "12.05000000"], ["0.00910000", "21.30500000"], ["0.00909900", "18.46200000"], ["0.00909800", "6.11800000"], ["0.00909700", "8.71200000"]], "asks": [["0.00910200", "3.61200000"], ["0.00910300", "9.52400000"], ["0.00910400", "15.84400000"], ["0.00910500", "7.92900000"], ["0.00910600", "6.63500000"]]}}
{"stream": "bnbbtc@depth5@100ms", "data": {"lastUpdateId": 3588738291, "bids": [["0.00910100", "12.05000000"], ["0.00910000", "21.30500000"], ["0.00909900", "18.46200000"], ["0.00909800", "6.11800000"], ["0.00909700", "8.71200000"]], "asks": [["0.00910200", "3.61200000"], ["0.00910300", "12.50900000"], ["0.00910400", "15.84400000"], ["0.00910500", "7.92900000"], ["0.00910600", "6.63500000"]]}}
{"stream": "bnbbtc@bookTicker", "data": {"u": 3588738292, "s": "BNBBTC", "b": "0.00910100", "B": "9.68500000", "a": "0.00910200", "A": "3.61200000"}}
{"stream": "bnbbtc@depth5@100ms", "data": {"lastUpdateId": 3588738292, "bids": [["0.00910100", "9.68500000"], ["0.00910000", "21.30500000"], ["0.00909900", "18.46200000"], ["0.00909800", "6.11800000"], ["0.00909700", "8.71200000"]], "asks": [["0.00910200", "3.61200000"], ["0.00910300", "12.50900000"], ["0.00910400", "15.84400000"], ["0.00910500", "7.92900000"], ["0.00910600", "6.63500000"]]}}
{"stream": "bnbbtc@bookTicker", "data": {"u": 3588738293, "s": "BNBBTC", "b": "0.00910100", "B": "12.05000000", "a": "0.00910200", "A": "3.61200000"}}
{"stream": "bnbbtc@bookTicker", "data": {"u": 3588738294, "s": "BNBBTC", "b": "0.00910100", "B": "12.05000000", "a": "0.00910200", "A": "3.06800000"}}
{"stream": "bnbbtc@bookTicker", "data": {"u": 3588738295, "s": "BNBBTC", "b": "0.00910100", "B": "16.47000000", "a": "0.00910200", "A": "3.06800000"}}
{"stream": "bnbbtc@bookTicker", "data": {"u": 3588738296, "s": "BNBBTC", "b": "0.00910100", "B": "16.47000000", "a": "0.00910200", "A": "2.65200000"}}
{"stream": "bnbbtc@depth5@100ms", "data": {"lastUpdateId": 3588738301, "bids": [["0.00910100", "16.47000000"], ["0.00910000", "21.30500000"], ["0.00909900", "18.46200000"], ["0.00909800", "8.75100000"], ["0.00909700", "6.07900000"]], "asks": [["0.00910200", "2.65200000"], ["0.00910300", "12.32700000"], ["0.00910400", "15.84400000"], ["0.00910500", "5.93400000"], ["0.00910600", "6.63500000"]]}}
{"stream": "bnbbtc@depth5@100ms", "data": {"lastUpdateId": 3588738309, "bids": [["0.00910100", "16.47000000"], ["0.00910000", "21.30500000"], ["0.00909900", "18.46200000"], ["0.00909800", "6.11800000"], ["0.00909700", "8.71200000"]], "asks": [["0.00910200", "2.65200000"], ["0.00910300", "6.34200000"], ["0.00910400", "13.21100000"], ["0.00910500", "8.93400000"], ["0.00910600", "6.63500000"]]}}
{"stream": "bnbbtc@depth5@100ms", "data": {"lastUpdateId": 3588738310, "bids": [["0.00910100", "16.47000000"], ["0.00910000", "21.30500000"], ["0.00909900", "18.46200000"], ["0.00909800", "6.11800000"], ["0.00909700", "8.71200000"]], "asks": [["0.00910200", "2.65200000"], ["0.00910300", "6.34200000"], ["0.00910400", "13.21100000"], ["0.00910500", "8.93400000"], ["0.00910600", "6.63500000"]]}}
{"stream": "bnbbtc@bookTicker", "data": {"u": 3588738311, "s": "BNBBTC", "b": "0.00910100", "B": "12.05000000", "a": "0.00910200", "A": "2.65200000"}}
{"stream": "bnbbtc@bookTicker", "data": {"u": 3588738313, "s": "BNBBTC", "b": "0.00910100", "B": "12.05000000", "a": "0.00910200", "A": "3.06500000"}}
{"stream": "bnbbtc@bookTicker", "data": {"u": 3588738315, "s": "BNBBTC", "b": "0.00910100", "B": "9.36300000", "a": "0.00910200", "A": "3.06500000"}}
{"stream": "bnbbtc@bookTicker", "data": {"u": 3588738316, "s": "BNBBTC", "b": "0.00910100", "B": "9.36300000", "a": "0.00910200", "A": "5.62200000"}}
{"stream": "bnbbtc@bookTicker", "data": {"u": 3588738317, "s": "BNBBTC", "b": "0.00910100", "B": "6.99800000", "a": "0.00910200", "A": "5.62200000"}}
{"stream": "bnbbtc@depth5@100ms", "data": {"lastUpdateId": 3588738317, "bids": [["0.00910100", "6.99800000"], ["0.00910000", "21.30500000"], ["0.00909900", "18.46200000"], ["0.00909800", "6.11800000"], ["0.00909700", "8.71200000"]], "asks": [["0.00910200", "5.62200000"], ["0.00910300", "6.34200000"], ["0.00910400", "15.84400000"], ["0.00910500", "8.93400000"], ["0.00910600", "6.63500000"]]}}
{"stream": "bnbbtc@bookTicker", "data": {"u": 3588738318, "s": "BNBBTC", "b": "0.00910100", "B": "8.48100000", "a": "0.00910200", "A": "5.62200000"}}
{"stream": "bnbbtc@depth5@100ms", "data": {"lastUpdateId": 3588738318, "bids": [["0.00910100", "8.48100000"], ["0.00910000", "21.30500000"], ["0.00909900", "18.46200000"], ["0.00909800", "6.11800000"], ["0.00909700", "8.71200000"]], "asks": [["0.00910200", "5.62200000"], ["0.00910300", "6.34200000"], ["0.00910400", "15.84400000"], ["0.00910500", "8.93400000"], ["0.00910600", "6.63500000"]]}}
{"stream": "bnbbtc@depth5@100ms", "data": {"lastUpdateId": 3588738320, "bids": [["0.00910100", "8.48100000"], ["0.00910000", "21.30500000"], ["0.00909900", "18.46200000"], ["0.00909800", "6.11800000"], ["0.00909700", "8.71200000"]], "asks": [["0.00910200", "5.62200000"], ["0.00910300", "6.34200000"], ["0.00910400", "15.84400000"], ["0.00910500", "8.93400000"], ["0.00910600", "6.64400000"]]}}
{"stream": "bnbbtc@bookTicker", "data": {"u": 3588738321, "s": "BNBBTC", "b": "0.00910100", "B": "8.48100000", "a": "0.00910200", "A": "5.64600000"}}
{"stream": "bnbbtc@depth5@100ms", "data": {"lastUpdateId": 3588738321, "bids": [["0.00910100", "8.48100000"], ["0.00910000", "21.30500000"], ["0.00909900", "18.46200000"], ["0.00909800", "6.11800000"], ["0.00909700", "8.71200000"]], "asks": [["0.00910200", "5.64600000"], ["0.00910300", "6.34200000"], ["0.00910400", "15.84400000"], ["0.00910500", "8.93400000"], ["0.00910600", "6.64400000"]]}}
{"stream": "bnbbtc@bookTicker", "data": {"u": 3588738323, "s": "BNBBTC", "b": "0.00910100", "B": "8.48100000", "a": "0.00910200", "A": "3.08900000"}}
{"stream": "bnbbtc@bookTicker", "data": {"u": 3588738324, "s": "BNBBTC", "b": "0.00910100", "B": "8.48100000", "a": "0.00910200", "A": "4.58900000"}}
{"stream": "bnbbtc@depth5@100ms", "data": {"lastUpdateId": 3588738324, "bids": [["0.00910100", "8.48100000"], ["0.00910000", "21.30500000"], ["0.00909900", "18.46200000"], ["0.00909800", "6.11800000"], ["0.00909700", "8.71200000"]], "asks": [["0.00910200", "4.58900000"], ["0.00910300", "6.34200000"], ["0.00910400", "15.84400000"], ["0.00910500", "8.93400000"], ["0.00910600", "6.86800000"]]}}
{"stream": "bnbbtc@depth5@100ms", "data": {"lastUpdateId": 3588738326, "bids": [["0.00910100", "8.48100000"], ["0.00910000", "21.30500000"], ["0.00909900", "18.46200000"], ["0.00909800", "6.11800000"], ["0.00909700", "8.71200000"]], "asks": [["0.00910200", "4.58900000"], ["0.00910300", "8.97500000"], ["0.00910400", "13.21100000"], ["0.00910500", "8.93400000"], ["0.00910600", "6.86800000"]]}}
{"stream": "bnbbtc@depth5@100ms", "data": {"lastUpdateId": 3588738327, "bids": [["0.00910100", "8.48100000"], ["0.00910000", "21.30500000"], ["0.00909900", "18.46200000"], ["0.00909800", "6.11800000"], ["0.00909700", "8.71200000"]], "asks": [["0.00910200", "4.58900000"], ["0.00910300", "8.97500000"], ["0.00910400", "13.21100000"], ["0.00910500", "8.93400000"], ["0.00910600", "6.86800000"]]}}
{"stream": "bnbbtc@depth5@100ms", "data": {"lastUpdateId": 3588738331, "bids": [["0.00910100", "8.48100000"], ["0.00910000", "21.30500000"], ["0.00909900", "18.46200000"], ["0.00909800", "6.11800000"], ["0.00909700", "6.07900000"]], "asks": [["0.00910200", "4.58900000"], ["0.00910300", "6.34200000"], ["0.00910400", "13.21100000"], ["0.00910500", "8.93400000"], ["0.00910600", "6.83500000"]]}}
{"stream": "bnbbtc@bookTicker", "data": {"u": 3588738335, "s": "BNBBTC", "b": "0.00910100", "B": "8.48100000", "a": "0.00910200", "A": "4.62200000"}}
{"stream": "bnbbtc@bookTicker", "data": {"u": 3588738336, "s": "BNBBTC", "b": "0.00910100", "B": "8.48100000", "a": "0.00910200", "A": "6.38800000"}}
{"stream": "bnbbtc@depth5@100ms", "data": {"lastUpdateId": 3588738336, "bids": [["0.00910100", "8.48100000"], ["0.00910000", "21.30500000"], ["0.00909900", "18.46200000"], ["0.00909800", "6.11800000"], ["0.00909700", "6.07900000"]], "asks": [["0.00910200", "6.38800000"], ["0.00910300", "12.42700000"], ["0.00910400", "13.21100000"], ["0.00910500", "8.93400000"], ["0.00910600", "6.83500000"]]}}
{"stream": "bnbbtc@depth5@100ms", "data": {"lastUpdateId": 3588738338, "bids": [["0.00910100", "8.48100000"], ["0.00910000", "21.30500000"], ["0.00909900", "18.46200000"], ["0.00909800", "6.11800000"], ["0.00909700", "6.07900000"]], "asks": [["0.00910200", "6.38800000"], ["0.00910300", "12.42700000"], ["0.00910400", "13.21100000"], ["0.00910500", "8.93400000"], ["0.00910600", "6.83500000"]]}}
{"stream": "bnbbtc@bookTicker", "data": {"u": 3588738339, "s": "BNBBTC", "b": "0.00910100", "B": "8.48100000", "a": "0.00910200", "A": "6.57000000"}}
{"stream": "bnbbtc@bookTicker", "data": {"u": 3588738340, "s": "BNBBTC", "b": "0.00910100", "B": "6.99800000", "a": "0.00910200", "A": "6.57000000"}}
{"stream": "bnbbtc@bookTicker", "data": {"u": 3588738341, "s": "BNBBTC", "b": "0.00910100", "B": "6.11900000", "a": "0.00910200", "A": "6.57000000"}}
{"stream": "bnbbtc@bookTicker", "data": {"u": 3588738342, "s": "BNBBTC", "b": "0.00910100", "B": "5.18700000", "a": "0.00910200", "A": "6.57000000"}}
{"stream": "bnbbtc@bookTicker", "data": {"u": 3588738343, "s": "BNBBTC", "b": "0.00910100", "B": "4.77700000", "a": "0.00910200", "A": "6.57000000"}}
{"stream": "bnbbtc@depth5@100ms", "data": {"lastUpdateId": 3588738343, "bids": [["0.00910100", "4.77700000"], ["0.00910000", "21.30500000"], ["0.00909900", "18.46200000"], ["0.00909800", "6.11800000"], ["0.00909700", "6.07900000"]], "asks": [["0.00910200", "6.57000000"], ["0.00910300", "12.42700000"], ["0.00910400", "13.21100000"], ["0.00910500", "8.93400000"], ["0.00910600", "6.83500000"]]}}
{"stream": "bnbbtc@depth5@100ms", "data": {"lastUpdateId": 3588738345, "bids": [["0.00910100", "4.77700000"], ["0.00910000", "21.30500000"], ["0.00909900", "18.46200000"], ["0.00909800", "6.11800000"], ["0.00909700", "6.07900000"]], "asks": [["0.00910200", "6.57000000"], ["0.00910300", "15.42700000"], ["0.00910400", "13.21100000"], ["0.00910500", "5.93400000"], ["0.00910600", "6.83500000"]]}}
{"stream": "bnbbtc@bookTicker", "data": {"u": 3588738346, "s": "BNBBTC", "b": "0.00910100", "B": "6.83200000", "a": "0.00910200", "A": "6.57000000"}}
{"stream": "bnbbtc@bookTicker", "data": {"u": 3588738347, "s": "BNBBTC", "b": "0.00910100", "B": "7.24200000", "a": "0.00910200", "A": "6.57000000"}}
{"stream": "bnbbtc@depth5@100ms", "data": {"lastUpdateId": 3588738347, "bids": [["0.00910100", "7.24200000"], ["0.00910000", "21.30500000"], ["0.00909900", "18.46200000"], ["0.00909800", "6.11800000"], ["0.00909700", "6.07900000"]], "asks": [["0.00910200", "6.57000000"], ["0.00910300", "15.42700000"], ["0.00910400", "13.21100000"], ["0.00910500", "5.93400000"], ["0.00910600", "6.83500000"]]}}
{"stream": "bnbbtc@bookTicker", "data": {"u": 3588738349, "s": "BNBBTC", "b": "0.00910100", "B": "7.24200000", "a": "0.00910200", "A": "6.54600000"}}
{"stream": "bnbbtc@depth5@100ms", "data": {"lastUpdateId": 3588738349, "bids": [["0.00910100", "7.24200000"], ["0.00910000", "21.30500000"], ["0.00909900", "18.46200000"], ["0.00909800", "6.11800000"], ["0.00909700", "6.07900000"]], "asks": [["0.00910200", "6.54600000"], ["0.00910300", "15.42700000"], ["0.00910400", "13.21100000"], ["0.00910500", "5.93400000"], ["0.00910600", "6.83500000"]]}}
{"stream": "bnbbtc@trade", "data": {"e": "trade", "E": 1726697803160, "s": "BNBBTC", "t": 258441939, "p": "0.00910100", "q": "0.02400000", "T": 1726697803160, "m": true, "M": true}}
{"stream": "bnbbtc@bookTicker", "data": {"u": 3588738350, "s": "BNBBTC", "b": "0.00910100", "B": "7.21800000", "a": "0.00910200", "A": "6.54600000"}}
{"stream": "bnbbtc@depth5@100ms", "data": {"lastUpdateId": 3588738350, "bids": [["0.00910100", "7.21800000"], ["0.00910000", "21.30500000"], ["0.00909900", "18.46200000"], ["0.00909800", "6.11800000"], ["0.00909700", "6.07900000"]], "asks": [["0.00910200", "6.54600000"], ["0.00910300", "15.42700000"], ["0.00910400", "13.21100000"], ["0.00910500", "5.93400000"], ["0.00910600", "6.83500000"]]}}
{"stream": "bnbbtc@depth5@100ms", "data": {"lastUpdateId": 3588738354, "bids": [["0.00910100", "7.21800000"], ["0.00910000", "21.30500000"], ["0.00909900", "18.46200000"], ["0.00909800", "6.11800000"], ["0.00909700", "6.07900000"]], "asks": [["0.00910200", "6.54600000"], ["0.00910300", "15.42700000"], ["0.00910400", "13.21100000"], ["0.00910500", "5.93400000"], ["0.00910600", "6.83500000"]]}}
{"stream": "bnbbtc@bookTicker", "data": {"u": 3588738355, "s": "BNBBTC", "b": "0.00910100", "B": "7.21800000", "a": "0.00910200", "A": "6.49900000"}}
{"stream": "bnbbtc@bookTicker", "data": {"u": 3588738356, "s": "BNBBTC", "b": "0.00910100", "B": "7.21800000", "a": "0.00910200", "A": "6.57000000"}}
{"stream": "bnbbtc@bookTicker", "data": {"u": 3588738357, "s": "BNBBTC", "b": "0.00910100", "B": "7.19100000", "a": "0.00910200", "A": "6.57000000"}}
{"stream": "bnbbtc@depth5@100ms", "data": {"lastUpdateId": 3588738357, "bids": [["0.00910100", "7.19100000"], ["0.00910000", "21.30500000"], ["0.00909900", "18.46200000"], ["0.00909800", "6.11800000"], ["0.00909700", "6.07900000"]], "asks": [["0.00910200", "6.57000000"], ["0.00910300", "15.42700000"], ["0.00910400", "13.21100000"], ["0.00910500", "5.93400000"], ["0.00910600", "6.83500000"]]}}
{"stream": "bnbbtc@depth5@100ms", "data": {"lastUpdateId": 3588738358, "bids": [["0.00910100", "7.19100000"], ["0.00910000", "21.30500000"], ["0.00909900", "18.46200000"], ["0.00909800", "6.11800000"], ["0.00909700", "6.07900000"]], "asks": [["0.00910200", "6.57000000"], ["0.00910300", "15.42700000"], ["0.00910400", "13.21100000"], ["0.00910500", "5.93400000"], ["0.00910600", "6.85500000"]]}}
{"stream": "bnbbtc@depth5@100ms", "data": {"lastUpdateId": 3588738362, "bids": [["0.00910100", "7.19100000"], ["0.00910000", "21.30500000"], ["0.00909900", "18.46200000"], ["0.00909800", "6.11800000"], ["0.00909700", "6.07900000"]], "asks": [["0.00910200", "6.57000000"], ["0.00910300", "15.42700000"], ["0.00910400", "13.21100000"], ["0.00910500", "5.93400000"], ["0.00910600", "6.85500000"]]}}
{"stream": "bnbbtc@bookTicker", "data": {"u": 3588738364, "s": "BNBBTC", "b": "0.00910100", "B": "7.19100000", "a": "0.00910200", "A": "6.53700000"}}
{"stream": "bnbbtc@bookTicker", "data": {"u": 3588738365, "s": "BNBBTC", "b": "0.00910100", "B": "5.13600000", "a": "0.00910200", "A": "6.53700000"}}
{"stream": "bnbbtc@bookTicker", "data": {"u": 3588738366, "s": "BNBBTC", "b": "0.00910100", "B": "6.53600000", "a": "0.00910200", "A": "6.53700000"}}
{"stream": "bnbbtc@depth5@100ms", "data": {"lastUpdateId": 3588738366, "bids": [["0.00910100", "6.53600000"], ["0.00910000", "21.30500000"], ["0.00909900", "18.46200000"], ["0.00909800", "6.11800000"], ["0.00909700", "6.07900000"]], "asks": [["0.00910200", "6.53700000"], ["0.00910300", "15.42700000"], ["0.00910400", "13.21100000"], ["0.00910500", "5.93400000"], ["0.00910600", "6.85500000"]]}}
{"stream": "bnbbtc@trade", "data": {"e": "trade", "E": 1726697804988, "s": "BNBBTC", "t": 258441940, "p": "0.00910100", "q": "0.03300000", "T": 1726697804988, "m": true, "M": true}}
{"stream": "bnbbtc@bookTicker", "data": {"u": 3588738367, "s": "BNBBTC", "b": "0.00910100", "B": "6.50300000", "a": "0.00910200", "A": "6.53700000"}}
{"stream": "bnbbtc@depth5@100ms", "data": {"lastUpdateId": 3588738367, "bids": [["0.00910100", "6.50300000"], ["0.00910000", "21.30500000"], ["0.00909900", "18.46200000"], ["0.00909800", "6.11800000"], ["0.00909700", "6.07900000"]], "asks": [["0.00910200", "6.53700000"], ["0.00910300", "15.42700000"], ["0.00910400", "13.21100000"], ["0.00910500", "5.93400000"], ["0.00910600", "6.85500000"]]}}
{"stream": "bnbbtc@depth5@100ms", "data": {"lastUpdateId": 3588738368, "bids": [["0.00910100", "6.50300000"], ["0.00910000", "21.30500000"], ["0.00909900", "18.46200000"], ["0.00909800", "6.11800000"], ["0.00909700", "6.07900000"]], "asks": [["0.00910200", "6.53700000"], ["0.00910300", "15.42700000"], ["0.00910400", "13.21100000"], ["0.00910500", "5.93400000"], ["0.00910600", "6.85500000"]]}}
{"stream": "bnbbtc@depth5@100ms", "data": {"lastUpdateId": 3588738369, "bids": [["0.00910100", "6.50300000"], ["0.00910000", "21.30500000"], ["0.00909900", "18.46200000"], ["0.00909800", "6.11800000"], ["0.00909700", "6.07900000"]], "asks": [["0.00910200", "6.53700000"], ["0.00910300", "15.42700000"], ["0.00910400", "13.21100000"], ["0.00910500", "5.93400000"], ["0.00910600", "6.85500000"]]}}
{"stream": "bnbbtc@depth5@100ms", "data": {"lastUpdateId": 3588738370, "bids": [["0.00910100", "6.50300000"], ["0.00910000", "21.30500000"], ["0.00909900", "18.46200000"], ["0.00909800", "6.11800000"], ["0.00909700", "6.07900000"]], "asks": [["0.00910200", "6.53700000"], ["0.00910300", "12.79400000"], ["0.00910400", "13.21100000"], ["0.00910500", "5.93400000"], ["0.00910600", "6.85500000"]]}}
{"stream": "bnbbtc@depth5@100ms", "data": {"lastUpdateId": 3588738371, "bids": [["0.00910100", "6.50300000"], ["0.00910000", "21.30500000"], ["0.00909900", "18.46200000"], ["0.00909800", "6.11800000"], ["0.00909700", "6.07900000"]], "asks": [["0.00910200", "6.53700000"], ["0.00910300", "15.42700000"], ["0.00910400", "13.21100000"], ["0.00910500", "5.93400000"], ["0.00910600", "6.85500000"]]}}
{"stream": "bnbbtc@bookTicker", "data": {"u": 3588738372, "s": "BNBBTC", "b": "0.00910100", "B": "5.10300000", "a": "0.00910200", "A": "6.53700000"}}
{"stream": "bnbbtc@bookTicker", "data": {"u": 3588738373, "s": "BNBBTC", "b": "0.00910100", "B": "5.10300000", "a": "0.00910200", "A": "7.18700000"}}
{"stream": "bnbbtc@depth5@100ms", "data": {"lastUpdateId": 3588738375, "bids": [["0.00910100", "5.10300000"], ["0.00910000", "21.30500000"], ["0.00909900", "18.46200000"], ["0.00909800", "6.11800000"], ["0.00909700", "6.07900000"]], "asks": [["0.00910200", "7.18700000"], ["0.00910300", "12.79400000"], ["0.00910400", "13.21100000"], ["0.00910500", "5.93400000"], ["0.00910600", "6.83500000"]]}}
{"stream": "bnbbtc@bookTicker", "data": {"u": 3588738376, "s": "BNBBTC", "b": "0.00910100", "B": "4.69300000", "a": "0.00910200", "A": "7.18700000"}}
{"stream": "bnbbtc@bookTicker", "data": {"u": 3588738379, "s": "BNBBTC", "b": "0.00910100", "B": "4.69300000", "a": "0.00910200", "A": "9.82000000"}}
{"stream": "bnbbtc@bookTicker", "data": {"u": 3588738380, "s": "BNBBTC", "b": "0.00910100", "B": "4.69300000", "a": "0.00910200", "A": "7.18700000"}}
{"stream": "bnbbtc@bookTicker", "data": {"u": 3588738381, "s": "BNBBTC", "b": "0.00910100", "B": "4.69300000", "a": "0.00910200", "A": "10.78100000"}}
{"stream": "bnbbtc@bookTicker", "data": {"u": 3588738382, "s": "BNBBTC", "b": "0.00910100", "B": "4.69300000", "a": "0.00910200", "A": "10.80100000"}}
{"stream": "bnbbtc@depth5@100ms", "data": {"lastUpdateId": 3588738382, "bids": [["0.00910100", "4.69300000"], ["0.00910000", "21.30500000"], ["0.00909900", "18.46200000"], ["0.00909800", "6.11800000"], ["0.00909700", "6.07900000"]], "asks": [["0.00910200", "10.80100000"], ["0.00910300", "12.79400000"], ["0.00910400", "13.21100000"], ["0.00910500", "5.93400000"], ["0.00910600", "6.83500000"]]}}
{"stream": "bnbbtc@depth5@100ms", "data": {"lastUpdateId": 3588738383, "bids": [["0.00910100", "4.69300000"], ["0.00910000", "21.30500000"], ["0.00909900", "18.46200000"], ["0.00909800", "6.11800000"], ["0.00909700", "6.07900000"]], "asks": [["0.00910200", "10.80100000"], ["0.00910300", "15.42700000"], ["0.00910400", "13.21100000"], ["0.00910500", "5.93400000"], ["0.00910600", "6.83500000"]]}}
{"stream": "bnbbtc@depth5@100ms", "data": {"lastUpdateId": 3588738387, "bids": [["0.00910100", "4.69300000"], ["0.00910000", "19.94700000"], ["0.00909900", "18.46200000"], ["0.00909800", "6.11800000"], ["0.00909700", "6.07900000"]], "asks": [["0.00910200", "10.80100000"], ["0.00910300", "15.42700000"], ["0.00910400", "13.21100000"], ["0.00910500", "5.93400000"], ["0.00910600", "6.83500000"]]}}
{"stream": "bnbbtc@bookTicker", "data": {"u": 3588738391, "s": "BNBBTC", "b": "0.00910100", "B": "4.69300000", "a": "0.00910200", "A": "13.43400000"}}
{"stream": "bnbbtc@depth5@100ms", "data": {"lastUpdateId": 3588738391, "bids": [["0.00910100", "4.69300000"], ["0.00910000", "19.94700000"], ["0.00909900", "18.46200000"], ["0.00909800", "6.11800000"], ["0.00909700", "6.07900000"]], "asks": [["0.00910200", "13.43400000"], ["0.00910300", "12.79400000"], ["0.00910400", "13.21100000"], ["0.00910500", "5.93400000"], ["0.00910600", "6.83500000"]]}}
{"stream": "bnbbtc@depth5@100ms", "data": {"lastUpdateId": 3588738392, "bids": [["0.00910100", "4.69300000"], ["0.00910000", "15.62200000"], ["0.00909900", "18.46200000"], ["0.00909800", "6.11800000"], ["0.00909700", "6.07900000"]], "asks": [["0.00910200", "13.43400000"], ["0.00910300", "12.79400000"], ["0.00910400", "13.21100000"], ["0.00910500", "5.93400000"], ["0.00910600", "6.83500000"]]}}
{"stream": "bnbbtc@bookTicker", "data": {"u": 3588738397, "s": "BNBBTC", "b": "0.00910100", "B": "4.69300000", "a": "0.00910200", "A": "15.79900000"}}
{"stream": "bnbbtc@depth5@100ms", "data": {"lastUpdateId": 3588738398, "bids": [["0.00910100", "4.69300000"], ["0.00910000", "7.55600000"], ["0.00909900", "18.46200000"], ["0.00909800", "6.11800000"], ["0.00909700", "6.07900000"]], "asks": [["0.00910200", "15.79900000"], ["0.00910300", "12.79400000"], ["0.00910400", "13.21100000"], ["0.00910500", "5.93400000"], ["0.00910600", "6.83500000"]]}}
{"stream": "bnbbtc@depth5@100ms", "data": {"lastUpdateId": 3588738401, "bids": [["0.00910100", "4.69300000"], ["0.00910000", "3.16700000"], ["0.00909900", "14.08600000"], ["0.00909800", "12.56800000"], ["0.00909700", "6.07900000"]], "asks": [["0.00910200", "15.79900000"], ["0.00910300", "12.79400000"], ["0.00910400", "13.21100000"], ["0.00910500", "5.93400000"], ["0.00910600", "6.83500000"]]}}
{"stream": "bnbbtc@depth5@100ms", "data": {"lastUpdateId": 3588738405, "bids": [["0.00910100", "4.69300000"], ["0.00910000", "2.56800000"], ["0.00909900", "16.02300000"], ["0.00909800", "12.56800000"], ["0.00909700", "6.07900000"]], "asks": [["0.00910200", "15.79900000"], ["0.00910300", "12.79400000"], ["0.00910400", "13.21100000"], ["0.00910500", "5.93400000"], ["0.00910600", "6.83500000"]]}}
{"stream": "bnbbtc@depth5@100ms", "data": {"lastUpdateId": 3588738406, "bids": [["0.00910100", "4.69300000"], ["0.00910000", "2.17500000"], ["0.00909900", "16.02300000"], ["0.00909800", "12.56800000"], ["0.00909700", "6.07900000"]], "asks": [["0.00910200", "15.79900000"], ["0.00910300", "12.79400000"], ["0.00910400", "13.21100000"], ["0.00910500", "5.93400000"], ["0.00910600", "6.83500000"]]}}
{"stream": "bnbbtc@bookTicker", "data": {"u": 3588738407, "s": "BNBBTC", "b": "0.00910100", "B": "4.69300000", "a": "0.00910200", "A": "15.72800000"}}
{"stream": "bnbbtc@bookTicker", "data": {"u": 3588738408, "s": "BNBBTC", "b": "0.00910100", "B": "4.69300000", "a": "0.00910200", "A": "15.83200000"}}
{"stream": "bnbbtc@depth5@100ms", "data": {"lastUpdateId": 3588738408, "bids": [["0.00910100", "4.69300000"], ["0.00910000", "2.17500000"], ["0.00909900", "16.02300000"], ["0.00909800", "12.56800000"], ["0.00909700", "6.07900000"]], "asks": [["0.00910200", "15.83200000"], ["0.00910300", "12.79400000"], ["0.00910400", "13.21100000"], ["0.00910500", "5.93400000"], ["0.00910600", "6.83500000"]]}}
{"stream": "bnbbtc@depth5@100ms", "data": {"lastUpdateId": 3588738409, "bids": [["0.00910100", "4.69300000"], ["0.00910000", "2.17500000"], ["0.00909900", "16.02300000"], ["0.00909800", "12.56800000"], ["0.00909700", "6.07900000"]], "asks": [["0.00910200", "15.83200000"], ["0.00910300", "13.62600000"], ["0.00910400", "13.21100000"], ["0.00910500", "5.93400000"], ["0.00910600", "6.83500000"]]}}
{"stream": "bnbbtc@bookTicker", "data": {"u": 3588738410, "s": "BNBBTC", "b": "0.00910100", "B": "1.94600000", "a": "0.00910200", "A": "15.83200000"}}
{"stream": "bnbbtc@trade", "data": {"e": "trade", "E": 1726697808037, "s": "BNBBTC", "t": 258441941, "p": "0.00910100", "q": "0.29600000", "T": 1726697808037, "m": true, "M": true}}
{"stream": "bnbbtc@trade", "data": {"e": "trade", "E": 1726697808037, "s": "BNBBTC", "t": 258441942, "p": "0.00910100", "q": "0.50000000", "T": 1726697808037, "m": true, "M": true}}
{"stream": "bnbbtc@trade", "data": {"e": "trade", "E": 1726697808037, "s": "BNBBTC", "t": 258441943, "p": "0.00910100", "q": "0.21800000", "T": 1726697808037, "m": true, "M": true}}
{"stream": "bnbbtc@bookTicker", "data": {"u": 3588738412, "s": "BNBBTC", "b": "0.00910100", "B": "0.93200000", "a": "0.00910200", "A": "15.83200000"}}
{"stream": "bnbbtc@trade", "data": {"e": "trade", "E": 1726697808040, "s": "BNBBTC", "t": 258441944, "p": "0.00910100", "q": "0.03200000", "T": 1726697808039, "m": true, "M": true}}
{"stream": "bnbbtc@trade", "data": {"e": "trade", "E": 1726697808040, "s": "BNBBTC", "t": 258441945, "p": "0.00910100", "q": "0.50000000", "T": 1726697808039, "m": true, "M": true}}
{"stream": "bnbbtc@trade", "data": {"e": "trade", "E": 1726697808040, "s": "BNBBTC", "t": 258441946, "p": "0.00910100", "q": "0.15000000", "T": 1726697808039, "m": true, "M": true}}
{"stream": "bnbbtc@trade", "data": {"e": "trade", "E": 1726697808040, "s": "BNBBTC", "t": 258441947, "p": "0.00910100", "q": "0.25000000", "T": 1726697808039, "m": true, "M": true}}
{"stream": "bnbbtc@bookTicker", "data": {"u": 3588738414, "s": "BNBBTC", "b": "0.00910000", "B": "2.17500000", "a": "0.00910100", "A": "3.29400000"}}
{"stream": "bnbbtc@bookTicker", "data": {"u": 3588738418, "s": "BNBBTC", "b": "0.00910000", "B": "2.17500000", "a": "0.00910100", "A": "3.94400000"}}
{"stream": "bnbbtc@bookTicker", "data": {"u": 3588738419, "s": "BNBBTC", "b": "0.00910000", "B": "2.17500000", "a": "0.00910100", "A": "4.35300000"}}
{"stream": "bnbbtc@bookTicker", "data": {"u": 3588738421, "s": "BNBBTC", "b": "0.00910000", "B": "2.17500000", "a": "0.00910100", "A": "5.29300000"}}
{"stream": "bnbbtc@bookTicker", "data": {"u": 3588738422, "s": "BNBBTC", "b": "0.00910000", "B": "2.17500000", "a": "0.00910100", "A": "5.47500000"}}
{"stream": "bnbbtc@bookTicker", "data": {"u": 3588738423, "s": "BNBBTC", "b": "0.00910000", "B": "2.17500000", "a": "0.00910100", "A": "9.57900000"}}
{"stream": "bnbbtc@bookTicker", "data": {"u": 3588738424, "s": "BNBBTC", "b": "0.00910000", "B": "2.17500000", "a": "0.00910100", "A": "12.59900000"}}
