{"e": "aggTrade", "E": 1727121522409, "s": "BTCUSDT", "a": 3164041169, "p": "63261.15000000", "q": "0.00630000", "f": 3849593757, "l": 3849593758, "T": 1727121522409, "m": true, "M": true}
{"e": "aggTrade", "E": 1727121522508, "s": "BTCUSDT", "a": 3164041170, "p": "63261.16000000", "q": "0.00469000", "f": 3849593759, "l": 3849593759, "T": 1727121522508, "m": false, "M": true}
{"e": "aggTrade", "E": 1727121523212, "s": "BTCUSDT", "a": 3164041171, "p": "63261.16000000", "q": "0.00110000", "f": 3849593760, "l": 3849593760, "T": 1727121523212, "m": false, "M": true}
{"e": "aggTrade", "E": 1727121523319, "s": "BTCUSDT", "a": 3164041172, "p": "63261.16000000", "q": "0.04306000", "f": 3849593761, "l": 3849593761, "T": 1727121523319, "m": false, "M": true}
{"e": "aggTrade", "E": 1727121523337, "s": "BTCUSDT", "a": 3164041173, "p": "63261.15000000", "q": "0.00008000", "f": 3849593762, "l": 3849593762, "T": 1727121523336, "m": true, "M": true}
{"e": "aggTrade", "E": 1727121523392, "s": "BTCUSDT", "a": 3164041174, "p": "63261.16000000", "q": "0.00514000", "f": 3849593763, "l": 3849593763, "T": 1727121523391, "m": false, "M": true}
{"e": "aggTrade", "E": 1727121523539, "s": "BTCUSDT", "a": 3164041175, "p": "63261.16000000", "q": "0.00086000", "f": 3849593764, "l": 3849593764, "T": 1727121523538, "m": false, "M": true}
{"e": "aggTrade", "E": 1727121523609, "s": "BTCUSDT", "a": 3164041176, "p": "63261.16000000", "q": "0.00016000", "f": 3849593765, "l": 3849593765, "T": 1727121523608, "m": false, "M": true}
{"e": "aggTrade", "E": 1727121525066, "s": "BTCUSDT", "a": 3164041177, "p": "63261.15000000", "q": "0.00020000", "f": 3849593766, "l": 3849593766, "T": 1727121525064, "m": true, "M": true}
{"e": "aggTrade", "E": 1727121525066, "s": "BTCUSDT", "a": 3164041178, "p": "63261.15000000", "q": "0.00020000", "f": 3849593767, "l": 3849593768, "T": 1727121525064, "m": true, "M": true}
{"e": "aggTrade", "E": 1727121525066, "s": "BTCUSDT", "a": 3164041179, "p": "63261.15000000", "q": "0.00020000", "f": 3849593769, "l": 3849593770, "T": 1727121525065, "m": true, "M": true}
{"e": "aggTrade", "E": 1727121525066, "s": "BTCUSDT", "a": 3164041180, "p": "63261.15000000", "q": "0.00020000", "f": 3849593771, "l": 3849593771, "T": 1727121525065, "m": true, "M": true}
{"e": "aggTrade", "E": 1727121525066, "s": "BTCUSDT", "a": 3164041181, "p": "63261.15000000", "q": "0.01214000", "f": 3849593772, "l": 3849593777, "T": 1727121525065, "m": true, "M": true}
{"e": "aggTrade", "E": 1727121525066, "s": "BTCUSDT", "a": 3164041182, "p": "63261.11000000", "q": "0.00016000", "f": 3849593778, "l": 3849593778, "T": 1727121525065, "m": true, "M": true}
{"e": "aggTrade", "E": 1727121525066, "s": "BTCUSDT", "a": 3164041183, "p": "63261.01000000", "q": "0.00090000", "f": 3849593779, "l": 3849593788, "T": 1727121525065, "m": true, "M": true}
{"e": "aggTrade", "E": 1727121525066, "s": "BTCUSDT", "a": 3164041184, "p": "63261.00000000", "q": "0.00335000", "f": 3849593789, "l": 3849593789, "T": 1727121525065, "m": true, "M": true}
{"e": "aggTrade", "E": 1727121525066, "s": "BTCUSDT", "a": 3164041185, "p": "63260.85000000", "q": "0.00210000", "f": 3849593790, "l": 3849593809, "T": 1727121525065, "m": true, "M": true}
{"e": "aggTrade", "E": 1727121525066, "s": "BTCUSDT", "a": 3164041186, "p": "63259.51000000", "q": "0.00020000", "f": 3849593810, "l": 3849593811, "T": 1727121525065, "m": true, "M": true}
{"e": "aggTrade", "E": 1727121525066, "s": "BTCUSDT", "a": 3164041187, "p": "63259.51000000", "q": "0.00020000", "f": 3849593812, "l": 3849593814, "T": 1727121525065, "m": true, "M": true}
{"e": "aggTrade", "E": 1727121525067, "s": "BTCUSDT", "a": 3164041188, "p": "63259.51000000", "q": "0.00020000", "f": 3849593815, "l": 3849593816, "T": 1727121525065, "m": true, "M": true}
{"e": "aggTrade", "E": 1727121525067, "s": "BTCUSDT", "a": 3164041189, "p": "63259.51000000", "q": "0.00020000", "f": 3849593817, "l": 3849593818, "T": 1727121525066, "m": true, "M": true}
{"e": "aggTrade", "E": 1727121525067, "s": "BTCUSDT", "a": 3164041190, "p": "63259.51000000", "q": "0.00020000", "f": 3849593819, "l": 3849593821, "T": 1727121525066, "m": true, "M": true}
{"e": "aggTrade", "E": 1727121525067, "s": "BTCUSDT", "a": 3164041191, "p": "63259.51000000", "q": "0.00020000", "f": 3849593822, "l": 3849593823, "T": 1727121525066, "m": true, "M": true}
{"e": "aggTrade", "E": 1727121525069, "s": "BTCUSDT", "a": 3164041192, "p": "63259.50000000", "q": "0.00009000", "f": 3849593824, "l": 3849593824, "T": 1727121525068, "m": true, "M": true}
{"e": "aggTrade", "E": 1727121525072, "s": "BTCUSDT", "a": 3164041193, "p": "63257.34000000", "q": "0.00051000", "f": 3849593825, "l": 3849593825, "T": 1727121525072, "m": true, "M": true}
{"e": "aggTrade", "E": 1727121525074, "s": "BTCUSDT", "a": 3164041194, "p": "63257.34000000", "q": "0.00020000", "f": 3849593826, "l": 3849593826, "T": 1727121525074, "m": true, "M": true}
{"e": "aggTrade", "E": 1727121525076, "s": "BTCUSDT", "a": 3164041195, "p": "63257.34000000", "q": "0.00040000", "f": 3849593827, "l": 3849593827, "T": 1727121525075, "m": true, "M": true}
{"e": "aggTrade", "E": 1727121525081, "s": "BTCUSDT", "a": 3164041196, "p": "63257.34000000", "q": "0.00040000", "f": 3849593828, "l": 3849593828, "T": 1727121525080, "m": true, "M": true}
{"e": "aggTrade", "E": 1727121525087, "s": "BTCUSDT", "a": 3164041197, "p": "63257.34000000", "q": "0.00040000", "f": 3849593829, "l": 3849593829, "T": 1727121525086, "m": true, "M": true}
{"e": "aggTrade", "E": 1727121525090, "s": "BTCUSDT", "a": 3164041198, "p": "63257.34000000", "q": "0.00020000", "f": 3849593830, "l": 3849593830, "T": 1727121525090, "m": true, "M": true}
{"e": "aggTrade", "E": 1727121525091, "s": "BTCUSDT", "a": 3164041199, "p": "63257.34000000", "q": "0.00040000", "f": 3849593831, "l": 3849593831, "T": 1727121525091, "m": true, "M": true}
{"e": "aggTrade", "E": 1727121525093, "s": "BTCUSDT", "a": 3164041200, "p": "63257.34000000", "q": "0.00037000", "f": 3849593832, "l": 3849593832, "T": 1727121525092, "m": true, "M": true}
{"e": "aggTrade", "E": 1727121525097, "s": "BTCUSDT", "a": 3164041201, "p": "63257.34000000", "q": "0.00040000", "f": 3849593833, "l": 3849593833, "T": 1727121525097, "m": true, "M": true}
{"e": "aggTrade", "E": 1727121525100, "s": "BTCUSDT", "a": 3164041202, "p": "63257.34000000", "q": "0.00044000", "f": 3849593834, "l": 3849593834, "T": 1727121525100, "m": true, "M": true}
{"e": "aggTrade", "E": 1727121525103, "s": "BTCUSDT", "a": 3164041203, "p": "63257.34000000", "q": "0.00040000", "f": 3849593835, "l": 3849593835, "T": 1727121525103, "m": true, "M": true}
{"e": "aggTrade", "E": 1727121525108, "s": "BTCUSDT", "a": 3164041204, "p": "63257.34000000", "q": "0.00040000", "f": 3849593836, "l": 3849593836, "T": 1727121525108, "m": true, "M": true}
{"e": "aggTrade", "E": 1727121525114, "s": "BTCUSDT", "a": 3164041205, "p": "63257.34000000", "q": "0.00040000", "f": 3849593837, "l": 3849593837, "T": 1727121525114, "m": true, "M": true}
{"e": "aggTrade", "E": 1727121525119, "s": "BTCUSDT", "a": 3164041206, "p": "63257.34000000", "q": "0.00040000", "f": 3849593838, "l": 3849593838, "T": 1727121525119, "m": true, "M": true}
{"e": "aggTrade", "E": 1727121525121, "s": "BTCUSDT", "a": 3164041207, "p": "63257.34000000", "q": "0.00037000", "f": 3849593839, "l": 3849593839, "T": 1727121525120, "m": true, "M": true}
{"e": "aggTrade", "E": 1727121525127, "s": "BTCUSDT", "a": 3164041208, "p": "63257.34000000", "q": "0.00040000", "f": 3849593840, "l": 3849593840, "T": 1727121525126, "m": true, "M": true}
{"e": "aggTrade", "E": 1727121525133, "s": "BTCUSDT", "a": 3164041209, "p": "63257.34000000", "q": "0.00040000", "f": 3849593841, "l": 3849593841, "T": 1727121525132, "m": true, "M": true}
{"e": "aggTrade", "E": 1727121525138, "s": "BTCUSDT", "a": 3164041210, "p": "63257.34000000", "q": "0.00020000", "f": 3849593842, "l": 3849593842, "T": 1727121525137, "m": true, "M": true}
{"e": "aggTrade", "E": 1727121525138, "s": "BTCUSDT", "a": 3164041211, "p": "63257.34000000", "q": "0.00040000", "f": 3849593843, "l": 3849593843, "T": 1727121525138, "m": true, "M": true}
{"e": "aggTrade", "E": 1727121525139, "s": "BTCUSDT", "a": 3164041212, "p": "63257.34000000", "q": "0.00020000", "f": 3849593844, "l": 3849593844, "T": 1727121525138, "m": true, "M": true}
{"e": "aggTrade", "E": 1727121525143, "s": "BTCUSDT", "a": 3164041213, "p": "63257.34000000", "q": "0.00045000", "f": 3849593845, "l": 3849593845, "T": 1727121525142, "m": true, "M": true}
{"e": "aggTrade", "E": 1727121525143, "s": "BTCUSDT", "a": 3164041214, "p": "63257.34000000", "q": "0.00040000", "f": 3849593846, "l": 3849593846, "T": 1727121525143, "m": true, "M": true}
{"e": "aggTrade", "E": 1727121525147, "s": "BTCUSDT", "a": 3164041215, "p": "63257.34000000", "q": "0.00037000", "f": 3849593847, "l": 3849593847, "T": 1727121525147, "m": true, "M": true}
{"e": "aggTrade", "E": 1727121525148, "s": "BTCUSDT", "a": 3164041216, "p": "63257.34000000", "q": "0.00045000", "f": 3849593848, "l": 3849593848, "T": 1727121525147, "m": true, "M": true}
{"e": "aggTrade", "E": 1727121525148, "s": "BTCUSDT", "a": 3164041217, "p": "63257.34000000", "q": "0.00040000", "f": 3849593849, "l": 3849593849, "T": 1727121525148, "m": true, "M": true}
{"e": "aggTrade", "E": 1727121525152, "s": "BTCUSDT", "a": 3164041218, "p": "63257.34000000", "q": "0.00034000", "f": 3849593850, "l": 3849593850, "T": 1727121525152, "m": true, "M": true}
{"e": "aggTrade", "E": 1727121525154, "s": "BTCUSDT", "a": 3164041219, "p": "63257.34000000", "q": "0.00045000", "f": 3849593851, "l": 3849593851, "T": 1727121525154, "m": true, "M": true}
{"e": "aggTrade", "E": 1727121525157, "s": "BTCUSDT", "a": 3164041220, "p": "63257.34000000", "q": "0.00040000", "f": 3849593852, "l": 3849593852, "T": 1727121525156, "m": true, "M": true}
{"e": "aggTrade", "E": 1727121525161, "s": "BTCUSDT", "a": 3164041221, "p": "63257.34000000", "q": "0.00045000", "f": 3849593853, "l": 3849593853, "T": 1727121525160, "m": true, "M": true}
{"e": "aggTrade", "E": 1727121525162, "s": "BTCUSDT", "a": 3164041222, "p": "63257.34000000", "q": "0.00020000", "f": 3849593854, "l": 3849593854, "T": 1727121525162, "m": true, "M": true}
{"e": "aggTrade", "E": 1727121525163, "s": "BTCUSDT", "a": 3164041223, "p": "63257.34000000", "q": "0.00034000", "f": 3849593855, "l": 3849593855, "T": 1727121525162, "m": true, "M": true}
{"e": "aggTrade", "E": 1727121525163, "s": "BTCUSDT", "a": 3164041224, "p": "63257.34000000", "q": "0.00040000", "f": 3849593856, "l": 3849593856, "T": 1727121525163, "m": true, "M": true}
{"e": "aggTrade", "E": 1727121525167, "s": "BTCUSDT", "a": 3164041225, "p": "63257.34000000", "q": "0.00045000", "f": 3849593857, "l": 3849593857, "T": 1727121525166, "m": true, "M": true}
{"e": "aggTrade", "E": 1727121525168, "s": "BTCUSDT", "a": 3164041226, "p": "63257.34000000", "q": "0.00041000", "f": 3849593858, "l": 3849593858, "T": 1727121525167, "m": true, "M": true}
{"e": "aggTrade", "E": 1727121525168, "s": "BTCUSDT", "a": 3164041227, "p": "63257.34000000", "q": "0.00040000", "f": 3849593859, "l": 3849593859, "T": 1727121525168, "m": true, "M": true}
{"e": "aggTrade", "E": 1727121525170, "s": "BTCUSDT", "a": 3164041228, "p": "63257.34000000", "q": "0.00034000", "f": 3849593860, "l": 3849593860, "T": 1727121525170, "m": true, "M": true}
{"e": "aggTrade", "E": 1727121525172, "s": "BTCUSDT", "a": 3164041229, "p": "63257.34000000", "q": "0.00045000", "f": 3849593861, "l": 3849593861, "T": 1727121525171, "m": true, "M": true}
{"e": "aggTrade", "E": 1727121525173, "s": "BTCUSDT", "a": 3164041230, "p": "63257.34000000", "q": "0.00041000", "f": 3849593862, "l": 3849593862, "T": 1727121525173, "m": true, "M": true}
{"e": "aggTrade", "E": 1727121525173, "s": "BTCUSDT", "a": 3164041231, "p": "63257.34000000", "q": "0.00037000", "f": 3849593863, "l": 3849593863, "T": 1727121525173, "m": true, "M": true}
{"e": "aggTrade", "E": 1727121525175, "s": "BTCUSDT", "a": 3164041232, "p": "63257.34000000", "q": "0.00040000", "f": 3849593864, "l": 3849593864, "T": 1727121525175, "m": true, "M": true}
{"e": "aggTrade", "E": 1727121525176, "s": "BTCUSDT", "a": 3164041233, "p": "63257.34000000", "q": "0.00034000", "f": 3849593865, "l": 3849593865, "T": 1727121525176, "m": true, "M": true}
{"e": "aggTrade", "E": 1727121525177, "s": "BTCUSDT", "a": 3164041234, "p": "63257.34000000", "q": "0.00045000", "f": 3849593866, "l": 3849593866, "T": 1727121525176, "m": true, "M": true}
{"e": "aggTrade", "E": 1727121525178, "s": "BTCUSDT", "a": 3164041235, "p": "63257.34000000", "q": "0.00041000", "f": 3849593867, "l": 3849593867, "T": 1727121525177, "m": true, "M": true}
{"e": "aggTrade", "E": 1727121525180, "s": "BTCUSDT", "a": 3164041236, "p": "63257.34000000", "q": "0.00040000", "f": 3849593868, "l": 3849593868, "T": 1727121525180, "m": true, "M": true}
{"e": "aggTrade", "E": 1727121525182, "s": "BTCUSDT", "a": 3164041237, "p": "63257.34000000", "q": "0.00045000", "f": 3849593869, "l": 3849593869, "T": 1727121525181, "m": true, "M": true}
{"e": "aggTrade", "E": 1727121525183, "s": "BTCUSDT", "a": 3164041238, "p": "63257.34000000", "q": "0.00041000", "f": 3849593870, "l": 3849593870, "T": 1727121525183, "m": true, "M": true}
{"e": "aggTrade", "E": 1727121525186, "s": "BTCUSDT", "a": 3164041239, "p": "63257.34000000", "q": "0.00040000", "f": 3849593871, "l": 3849593871, "T": 1727121525185, "m": true, "M": true}
{"e": "aggTrade", "E": 1727121525188, "s": "BTCUSDT", "a": 3164041240, "p": "63257.34000000", "q": "0.00045000", "f": 3849593872, "l": 3849593872, "T": 1727121525187, "m": true, "M": true}
{"e": "aggTrade", "E": 1727121525188, "s": "BTCUSDT", "a": 3164041241, "p": "63257.34000000", "q": "0.00041000", "f": 3849593873, "l": 3849593873, "T": 1727121525187, "m": true, "M": true}
{"e": "aggTrade", "E": 1727121525190, "s": "BTCUSDT", "a": 3164041242, "p": "63257.34000000", "q": "0.00034000", "f": 3849593874, "l": 3849593874, "T": 1727121525189, "m": true, "M": true}
{"e": "aggTrade", "E": 1727121525191, "s": "BTCUSDT", "a": 3164041243, "p": "63257.34000000", "q": "0.00040000", "f": 3849593875, "l": 3849593875, "T": 1727121525191, "m": true, "M": true}
{"e": "aggTrade", "E": 1727121525194, "s": "BTCUSDT", "a": 3164041244, "p": "63257.34000000", "q": "0.00041000", "f": 3849593876, "l": 3849593876, "T": 1727121525193, "m": true, "M": true}
{"e": "aggTrade", "E": 1727121525194, "s": "BTCUSDT", "a": 3164041245, "p": "63257.34000000", "q": "0.00045000", "f": 3849593877, "l": 3849593877, "T": 1727121525194, "m": true, "M": true}
{"e": "aggTrade", "E": 1727121525196, "s": "BTCUSDT", "a": 3164041246, "p": "63257.34000000", "q": "0.00040000", "f": 3849593878, "l": 3849593878, "T": 1727121525196, "m": true, "M": true}
{"e": "aggTrade", "E": 1727121525197, "s": "BTCUSDT", "a": 3164041247, "p": "63257.34000000", "q": "0.00034000", "f": 3849593879, "l": 3849593879, "T": 1727121525197, "m": true, "M": true}
{"e": "aggTrade", "E": 1727121525200, "s": "BTCUSDT", "a": 3164041248, "p": "63257.34000000", "q": "0.00041000", "f": 3849593880, "l": 3849593880, "T": 1727121525199, "m": true, "M": true}
{"e": "aggTrade", "E": 1727121525200, "s": "BTCUSDT", "a": 3164041249, "p": "63257.34000000", "q": "0.00037000", "f": 3849593881, "l": 3849593881, "T": 1727121525199, "m": true, "M": true}
{"e": "aggTrade", "E": 1727121525200, "s": "BTCUSDT", "a": 3164041250, "p": "63257.34000000", "q": "0.00045000", "f": 3849593882, "l": 3849593882, "T": 1727121525199, "m": true, "M": true}
{"e": "aggTrade", "E": 1727121525202, "s": "BTCUSDT", "a": 3164041251, "p": "63257.34000000", "q": "0.00040000", "f": 3849593883, "l": 3849593883, "T": 1727121525202, "m": true, "M": true}
{"e": "aggTrade", "E": 1727121525205, "s": "BTCUSDT", "a": 3164041252, "p": "63257.34000000", "q": "0.00045000", "f": 3849593884, "l": 3849593884, "T": 1727121525205, "m": true, "M": true}
{"e": "aggTrade", "E": 1727121525207, "s": "BTCUSDT", "a": 3164041253, "p": "63257.34000000", "q": "0.00034000", "f": 3849593885, "l": 3849593885, "T": 1727121525207, "m": true, "M": true}
{"e": "aggTrade", "E": 1727121525208, "s": "BTCUSDT", "a": 3164041254, "p": "63257.34000000", "q": "0.00040000", "f": 3849593886, "l": 3849593886, "T": 1727121525207, "m": true, "M": true}
{"e": "aggTrade", "E": 1727121525211, "s": "BTCUSDT", "a": 3164041255, "p": "63257.34000000", "q": "0.00045000", "f": 3849593887, "l": 3849593887, "T": 1727121525210, "m": true, "M": true}
{"e": "aggTrade", "E": 1727121525213, "s": "BTCUSDT", "a": 3164041256, "p": "63257.34000000", "q": "0.00040000", "f": 3849593888, "l": 3849593888, "T": 1727121525213, "m": true, "M": true}
{"e": "aggTrade", "E": 1727121525218, "s": "BTCUSDT", "a": 3164041257, "p": "63257.34000000", "q": "0.00041000", "f": 3849593889, "l": 3849593889, "T": 1727121525218, "m": true, "M": true}
{"e": "aggTrade", "E": 1727121525224, "s": "BTCUSDT", "a": 3164041258, "p": "63257.34000000", "q": "0.00037000", "f": 3849593890, "l": 3849593890, "T": 1727121525224, "m": true, "M": true}
{"e": "aggTrade", "E": 1727121525233, "s": "BTCUSDT", "a": 3164041259, "p": "63257.35000000", "q": "0.00035000", "f": 3849593891, "l": 3849593891, "T": 1727121525232, "m": false, "M": true}
{"e": "aggTrade", "E": 1727121525562, "s": "BTCUSDT", "a": 3164041260, "p": "63257.34000000", "q": "0.00014000", "f": 3849593892, "l": 3849593892, "T": 1727121525562, "m": true, "M": true}
{"e": "aggTrade", "E": 1727121525645, "s": "BTCUSDT", "a": 3164041261, "p": "63257.34000000", "q": "0.00018000", "f": 3849593893, "l": 3849593893, "T": 1727121525644, "m": true, "M": true}
{"e": "aggTrade", "E": 1727121525734, "s": "BTCUSDT", "a": 3164041262, "p": "63257.34000000", "q": "0.02192000", "f": 3849593894, "l": 3849593894, "T": 1727121525733, "m": true, "M": true}
{"e": "aggTrade", "E": 1727121526037, "s": "BTCUSDT", "a": 3164041263, "p": "63257.34000000", "q": "0.00034000", "f": 3849593895, "l": 3849593895, "T": 1727121526036, "m": true, "M": true}
{"e": "aggTrade", "E": 1727121526037, "s": "BTCUSDT", "a": 3164041264, "p": "63257.34000000", "q": "0.00026000", "f": 3849593896, "l": 3849593897, "T": 1727121526036, "m": true, "M": true}
{"e": "aggTrade", "E": 1727121526037, "s": "BTCUSDT", "a": 3164041265, "p": "63257.28000000", "q": "0.00008000", "f": 3849593898, "l": 3849593898, "T": 1727121526036, "m": true, "M": true}
{"e": "aggTrade", "E": 1727121526037, "s": "BTCUSDT", "a": 3164041266, "p": "63257.28000000", "q": "0.00034000", "f": 3849593899, "l": 3849593902, "T": 1727121526036, "m": true, "M": true}
{"e": "aggTrade", "E": 1727121526037, "s": "BTCUSDT", "a": 3164041267, "p": "63257.28000000", "q": "0.00034000", "f": 3849593903, "l": 3849593906, "T": 1727121526036, "m": true, "M": true}
{"e": "aggTrade", "E": 1727121526037, "s": "BTCUSDT", "a": 3164041268, "p": "63257.28000000", "q": "0.00034000", "f": 3849593907, "l": 3849593910, "T": 1727121526036, "m": true, "M": true}
{"e": "aggTrade", "E": 1727121526037, "s": "BTCUSDT", "a": 3164041269, "p": "63257.28000000", "q": "0.00034000", "f": 3849593911, "l": 3849593913, "T": 1727121526036, "m": true, "M": true}
{"e": "aggTrade", "E": 1727121526037, "s": "BTCUSDT", "a": 3164041270, "p": "63257.28000000", "q": "0.00034000", "f": 3849593914, "l": 3849593916, "T": 1727121526036, "m": true, "M": true}
{"e": "aggTrade", "E": 1727121526037, "s": "BTCUSDT", "a": 3164041271, "p": "63257.28000000", "q": "0.00034000", "f": 3849593917, "l": 3849593920, "T": 1727121526036, "m": true, "M": true}
{"e": "aggTrade", "E": 1727121526037, "s": "BTCUSDT", "a": 3164041272, "p": "63257.28000000", "q": "0.00028000", "f": 3849593921, "l": 3849593923, "T": 1727121526036, "m": true, "M": true}
{"e": "aggTrade", "E": 1727121526037, "s": "BTCUSDT", "a": 3164041273, "p": "63257.27000000", "q": "0.00006000", "f": 3849593924, "l": 3849593924, "T": 1727121526036, "m": true, "M": true}
{"e": "aggTrade", "E": 1727121526228, "s": "BTCUSDT", "a": 3164041274, "p": "63257.27000000", "q": "0.02717000", "f": 3849593925, "l": 3849593925, "T": 1727121526228, "m": true, "M": true}
{"e": "aggTrade", "E": 1727121527072, "s": "BTCUSDT", "a": 3164041275, "p": "63257.27000000", "q": "0.00048000", "f": 3849593926, "l": 3849593926, "T": 1727121527071, "m": true, "M": true}
{"e": "aggTrade", "E": 1727121527183, "s": "BTCUSDT", "a": 3164041276, "p": "63257.27000000", "q": "0.00267000", "f": 3849593927, "l": 3849593927, "T": 1727121527183, "m": true, "M": true}
{"e": "aggTrade", "E": 1727121527517, "s": "BTCUSDT", "a": 3164041277, "p": "63257.27000000", "q": "0.03744000", "f": 3849593928, "l": 3849593928, "T": 1727121527517, "m": true, "M": true}
{"e": "aggTrade", "E": 1727121527605, "s": "BTCUSDT", "a": 3164041278, "p": "63257.27000000", "q": "0.15808000", "f": 3849593929, "l": 3849593929, "T": 1727121527605, "m": true, "M": true}
{"e": "aggTrade", "E": 1727121527616, "s": "BTCUSDT", "a": 3164041279, "p": "63257.27000000", "q": "0.02582000", "f": 3849593930, "l": 3849593936, "T": 1727121527615, "m": true, "M": true}
{"e": "aggTrade", "E": 1727121527616, "s": "BTCUSDT", "a": 3164041280, "p": "63257.03000000", "q": "0.00210000", "f": 3849593937, "l": 3849593956, "T": 1727121527615, "m": true, "M": true}
{"e": "aggTrade", "E": 1727121527616, "s": "BTCUSDT", "a": 3164041281, "p": "63257.02000000", "q": "0.03162000", "f": 3849593957, "l": 3849593957, "T": 1727121527615, "m": true, "M": true}
{"e": "aggTrade", "E": 1727121527616, "s": "BTCUSDT", "a": 3164041282, "p": "63257.00000000", "q": "0.00365000", "f": 3849593958, "l": 3849593959, "T": 1727121527615, "m": true, "M": true}
{"e": "aggTrade", "E": 1727121527616, "s": "BTCUSDT", "a": 3164041283, "p": "63256.50000000", "q": "0.00063000", "f": 3849593960, "l": 3849593960, "T": 1727121527615, "m": true, "M": true}
{"e": "aggTrade", "E": 1727121527616, "s": "BTCUSDT", "a": 3164041284, "p": "63256.41000000", "q": "0.00090000", "f": 3849593961, "l": 3849593970, "T": 1727121527615, "m": true, "M": true}
{"e": "aggTrade", "E": 1727121527733, "s": "BTCUSDT", "a": 3164041285, "p": "63256.40000000", "q": "0.02193000", "f": 3849593971, "l": 3849593971, "T": 1727121527733, "m": true, "M": true}
{"e": "aggTrade", "E": 1727121528647, "s": "BTCUSDT", "a": 3164041286, "p": "63256.41000000", "q": "0.24999000", "f": 3849593972, "l": 3849593972, "T": 1727121528647, "m": false, "M": true}
{"e": "aggTrade", "E": 1727121528733, "s": "BTCUSDT", "a": 3164041287, "p": "63256.40000000", "q": "0.02193000", "f": 3849593973, "l": 3849593973, "T": 1727121528732, "m": true, "M": true}
{"e": "aggTrade", "E": 1727121529639, "s": "BTCUSDT", "a": 3164041288, "p": "63256.41000000", "q": "0.01426000", "f": 3849593974, "l": 3849593974, "T": 1727121529639, "m": false, "M": true}
{"e": "aggTrade", "E": 1727121529677, "s": "BTCUSDT", "a": 3164041289, "p": "63256.41000000", "q": "0.24999000", "f": 3849593975, "l": 3849593976, "T": 1727121529676, "m": false, "M": true}
{"e": "aggTrade", "E": 1727121530093, "s": "BTCUSDT", "a": 3164041290, "p": "63256.41000000", "q": "0.06631000", "f": 3849593977, "l": 3849593987, "T": 1727121530092, "m": false, "M": true}
{"e": "aggTrade", "E": 1727121530093, "s": "BTCUSDT", "a": 3164041291, "p": "63256.42000000", "q": "0.00050000", "f": 3849593988, "l": 3849593988, "T": 1727121530092, "m": false, "M": true}
{"e": "aggTrade", "E": 1727121530093, "s": "BTCUSDT", "a": 3164041292, "p": "63256.44000000", "q": "0.00090000", "f": 3849593989, "l": 3849593998, "T": 1727121530092, "m": false, "M": true}
{"e": "aggTrade", "E": 1727121530093, "s": "BTCUSDT", "a": 3164041293, "p": "63256.45000000", "q": "0.00094000", "f": 3849593999, "l": 3849593999, "T": 1727121530092, "m": false, "M": true}
{"e": "aggTrade", "E": 1727121530093, "s": "BTCUSDT", "a": 3164041294, "p": "63257.26000000", "q": "0.00090000", "f": 3849594000, "l": 3849594009, "T": 1727121530092, "m": false, "M": true}
{"e": "aggTrade", "E": 1727121530216, "s": "BTCUSDT", "a": 3164041295, "p": "63257.27000000", "q": "0.00120000", "f": 3849594010, "l": 3849594010, "T": 1727121530215, "m": false, "M": true}
{"e": "aggTrade", "E": 1727121530280, "s": "BTCUSDT", "a": 3164041296, "p": "63257.27000000", "q": "0.00034000", "f": 3849594011, "l": 3849594011, "T": 1727121530279, "m": false, "M": true}
{"e": "aggTrade", "E": 1727121530280, "s": "BTCUSDT", "a": 3164041297, "p": "63257.27000000", "q": "0.00026000", "f": 3849594012, "l": 3849594012, "T": 1727121530279, "m": false, "M": true}
{"e": "aggTrade", "E": 1727121530280, "s": "BTCUSDT", "a": 3164041298, "p": "63257.34000000", "q": "0.00008000", "f": 3849594013, "l": 3849594013, "T": 1727121530279, "m": false, "M": true}
{"e": "aggTrade", "E": 1727121530280, "s": "BTCUSDT", "a": 3164041299, "p": "63257.34000000", "q": "0.00013000", "f": 3849594014, "l": 3849594014, "T": 1727121530279, "m": false, "M": true}
{"e": "aggTrade", "E": 1727121530280, "s": "BTCUSDT", "a": 3164041300, "p": "63258.85000000", "q": "0.00021000", "f": 3849594015, "l": 3849594015, "T": 1727121530279, "m": false, "M": true}
{"e": "aggTrade", "E": 1727121530280, "s": "BTCUSDT", "a": 3164041301, "p": "63258.85000000", "q": "0.00034000", "f": 3849594016, "l": 3849594016, "T": 1727121530279, "m": false, "M": true}
{"e": "aggTrade", "E": 1727121530280, "s": "BTCUSDT", "a": 3164041302, "p": "63258.85000000", "q": "0.00014000", "f": 3849594017, "l": 3849594017, "T": 1727121530279, "m": false, "M": true}
{"e": "aggTrade", "E": 1727121530280, "s": "BTCUSDT", "a": 3164041303, "p": "63260.42000000", "q": "0.00020000", "f": 3849594018, "l": 3849594018, "T": 1727121530279, "m": false, "M": true}
{"e": "aggTrade", "E": 1727121530303, "s": "BTCUSDT", "a": 3164041304, "p": "63260.42000000", "q": "0.00034000", "f": 3849594019, "l": 3849594019, "T": 1727121530302, "m": false, "M": true}
{"e": "aggTrade", "E": 1727121530303, "s": "BTCUSDT", "a": 3164041305, "p": "63260.42000000", "q": "0.00034000", "f": 3849594020, "l": 3849594020, "T": 1727121530302, "m": false, "M": true}
{"e": "aggTrade", "E": 1727121530303, "s": "BTCUSDT", "a": 3164041306, "p": "63260.42000000", "q": "0.00034000", "f": 3849594021, "l": 3849594021, "T": 1727121530302, "m": false, "M": true}
{"e": "aggTrade", "E": 1727121530303, "s": "BTCUSDT", "a": 3164041307, "p": "63260.42000000", "q": "0.00034000", "f": 3849594022, "l": 3849594022, "T": 1727121530302, "m": false, "M": true}
{"e": "aggTrade", "E": 1727121530303, "s": "BTCUSDT", "a": 3164041308, "p": "63260.42000000", "q": "0.00022000", "f": 3849594023, "l": 3849594023, "T": 1727121530302, "m": false, "M": true}
{"e": "aggTrade", "E": 1727121530303, "s": "BTCUSDT", "a": 3164041309, "p": "63261.15000000", "q": "0.00012000", "f": 3849594024, "l": 3849594024, "T": 1727121530302, "m": false, "M": true}
{"e": "aggTrade", "E": 1727121530303, "s": "BTCUSDT", "a": 3164041310, "p": "63261.15000000", "q": "0.00034000", "f": 3849594025, "l": 3849594025, "T": 1727121530302, "m": false, "M": true}
{"e": "aggTrade", "E": 1727121530303, "s": "BTCUSDT", "a": 3164041311, "p": "63261.15000000", "q": "0.00034000", "f": 3849594026, "l": 3849594026, "T": 1727121530302, "m": false, "M": true}
{"e": "aggTrade", "E": 1727121530303, "s": "BTCUSDT", "a": 3164041312, "p": "63261.15000000", "q": "0.00034000", "f": 3849594027, "l": 3849594027, "T": 1727121530302, "m": false, "M": true}
{"e": "aggTrade", "E": 1727121530303, "s": "BTCUSDT", "a": 3164041313, "p": "63261.15000000", "q": "0.00034000", "f": 3849594028, "l": 3849594028, "T": 1727121530302, "m": false, "M": true}
{"e": "aggTrade", "E": 1727121530303, "s": "BTCUSDT", "a": 3164041314, "p": "63261.15000000", "q": "0.00034000", "f": 3849594029, "l": 3849594029, "T": 1727121530302, "m": false, "M": true}
{"e": "aggTrade", "E": 1727121530303, "s": "BTCUSDT", "a": 3164041315, "p": "63261.15000000", "q": "0.00034000", "f": 3849594030, "l": 3849594030, "T": 1727121530302, "m": false, "M": true}
{"e": "aggTrade", "E": 1727121530303, "s": "BTCUSDT", "a": 3164041316, "p": "63261.15000000", "q": "0.00034000", "f": 3849594031, "l": 3849594031, "T": 1727121530302, "m": false, "M": true}
{"e": "aggTrade", "E": 1727121530303, "s": "BTCUSDT", "a": 3164041317, "p": "63261.15000000", "q": "0.00034000", "f": 3849594032, "l": 3849594032, "T": 1727121530302, "m": false, "M": true}
{"e": "aggTrade", "E": 1727121530303, "s": "BTCUSDT", "a": 3164041318, "p": "63261.15000000", "q": "0.00033000", "f": 3849594033, "l": 3849594033, "T": 1727121530302, "m": false, "M": true}
{"e": "aggTrade", "E": 1727121530303, "s": "BTCUSDT", "a": 3164041319, "p": "63261.16000000", "q": "0.00001000", "f": 3849594034, "l": 3849594034, "T": 1727121530302, "m": false, "M": true}
{"e": "aggTrade", "E": 1727121530312, "s": "BTCUSDT", "a": 3164041320, "p": "63261.16000000", "q": "0.00034000", "f": 3849594035, "l": 3849594036, "T": 1727121530311, "m": false, "M": true}
{"e": "aggTrade", "E": 1727121530312, "s": "BTCUSDT", "a": 3164041321, "p": "63261.16000000", "q": "0.00034000", "f": 3849594037, "l": 3849594037, "T": 1727121530311, "m": false, "M": true}
{"e": "aggTrade", "E": 1727121530312, "s": "BTCUSDT", "a": 3164041322, "p": "63261.16000000", "q": "0.00034000", "f": 3849594038, "l": 3849594038, "T": 1727121530311, "m": false, "M": true}
{"e": "aggTrade", "E": 1727121530312, "s": "BTCUSDT", "a": 3164041323, "p": "63261.16000000", "q": "0.00034000", "f": 3849594039, "l": 3849594039, "T": 1727121530311, "m": false, "M": true}
{"e": "aggTrade", "E": 1727121530312, "s": "BTCUSDT", "a": 3164041324, "p": "63261.16000000", "q": "0.00034000", "f": 3849594040, "l": 3849594041, "T": 1727121530311, "m": false, "M": true}
{"e": "aggTrade", "E": 1727121530312, "s": "BTCUSDT", "a": 3164041325, "p": "63261.16000000", "q": "0.00024000", "f": 3849594042, "l": 3849594044, "T": 1727121530311, "m": false, "M": true}
{"e": "aggTrade", "E": 1727121530312, "s": "BTCUSDT", "a": 3164041326, "p": "63261.17000000", "q": "0.00010000", "f": 3849594045, "l": 3849594045, "T": 1727121530311, "m": false, "M": true}
{"e": "aggTrade", "E": 1727121530316, "s": "BTCUSDT", "a": 3164041327, "p": "63261.17000000", "q": "0.34969000", "f": 3849594046, "l": 3849594060, "T": 1727121530315, "m": false, "M": true}
{"e": "aggTrade", "E": 1727121530316, "s": "BTCUSDT", "a": 3164041328, "p": "63261.75000000", "q": "0.00090000", "f": 3849594061, "l": 3849594070, "T": 1727121530315, "m": false, "M": true}
{"e": "aggTrade", "E": 1727121530316, "s": "BTCUSDT", "a": 3164041329, "p": "63261.76000000", "q": "0.00090000", "f": 3849594071, "l": 3849594071, "T": 1727121530315, "m": false, "M": true}
{"e": "aggTrade", "E": 1727121530590, "s": "BTCUSDT", "a": 3164041330, "p": "63261.76000000", "q": "0.00034000", "f": 3849594072, "l": 3849594072, "T": 1727121530590, "m": false, "M": true}
{"e": "aggTrade", "E": 1727121530590, "s": "BTCUSDT", "a": 3164041331, "p": "63261.76000000", "q": "0.00034000", "f": 3849594073, "l": 3849594073, "T": 1727121530590, "m": false, "M": true}
{"e": "aggTrade", "E": 1727121530590, "s": "BTCUSDT", "a": 3164041332, "p": "63261.76000000", "q": "0.00034000", "f": 3849594074, "l": 3849594074, "T": 1727121530590, "m": false, "M": true}
{"e": "aggTrade", "E": 1727121530590, "s": "BTCUSDT", "a": 3164041333, "p": "63261.76000000", "q": "0.00034000", "f": 3849594075, "l": 3849594075, "T": 1727121530590, "m": false, "M": true}
{"e": "aggTrade", "E": 1727121530590, "s": "BTCUSDT", "a": 3164041334, "p": "63262.00000000", "q": "0.00034000", "f": 3849594076, "l": 3849594076, "T": 1727121530590, "m": false, "M": true}
{"e": "aggTrade", "E": 1727121530615, "s": "BTCUSDT", "a": 3164041335, "p": "63262.00000000", "q": "0.01085000", "f": 3849594077, "l": 3849594078, "T": 1727121530615, "m": false, "M": true}
{"e": "aggTrade", "E": 1727121530615, "s": "BTCUSDT", "a": 3164041336, "p": "63262.02000000", "q": "0.00017000", "f": 3849594079, "l": 3849594079, "T": 1727121530615, "m": false, "M": true}
{"e": "aggTrade", "E": 1727121530615, "s": "BTCUSDT", "a": 3164041337, "p": "63263.99000000", "q": "0.00090000", "f": 3849594080, "l": 3849594089, "T": 1727121530615, "m": false, "M": true}
{"e": "aggTrade", "E": 1727121530615, "s": "BTCUSDT", "a": 3164041338, "p": "63264.00000000", "q": "0.01800000", "f": 3849594090, "l": 3849594091, "T": 1727121530615, "m": false, "M": true}
{"e": "aggTrade", "E": 1727121530615, "s": "BTCUSDT", "a": 3164041339, "p": "63264.08000000", "q": "0.00008000", "f": 3849594092, "l": 3849594092, "T": 1727121530615, "m": false, "M": true}
{"e": "aggTrade", "E": 1727121530615, "s": "BTCUSDT", "a": 3164041340, "p": "63264.10000000", "q": "0.00039000", "f": 3849594093, "l": 3849594093, "T": 1727121530615, "m": false, "M": true}
{"e": "aggTrade", "E": 1727121530615, "s": "BTCUSDT", "a": 3164041341, "p": "63264.26000000", "q": "0.00090000", "f": 3849594094, "l": 3849594103, "T": 1727121530615, "m": false, "M": true}
{"e": "aggTrade", "E": 1727121530673, "s": "BTCUSDT", "a": 3164041342, "p": "63264.27000000", "q": "0.00017000", "f": 3849594104, "l": 3849594104, "T": 1727121530672, "m": false, "M": true}
{"e": "aggTrade", "E": 1727121530673, "s": "BTCUSDT", "a": 3164041343, "p": "63264.88000000", "q": "0.00017000", "f": 3849594105, "l": 3849594105, "T": 1727121530672, "m": false, "M": true}
{"e": "aggTrade", "E": 1727121531233, "s": "BTCUSDT", "a": 3164041344, "p": "63264.87000000", "q": "0.00050000", "f": 3849594106, "l": 3849594106, "T": 1727121531232, "m": true, "M": true}
{"e": "aggTrade", "E": 1727121531725, "s": "BTCUSDT", "a": 3164041345, "p": "63264.87000000", "q": "0.53873000", "f": 3849594107, "l": 3849594109, "T": 1727121531724, "m": true, "M": true}
{"e": "aggTrade", "E": 1727121533062, "s": "BTCUSDT", "a": 3164041346, "p": "63264.87000000", "q": "0.00035000", "f": 3849594110, "l": 3849594110, "T": 1727121533061, "m": true, "M": true}
{"e": "aggTrade", "E": 1727121533462, "s": "BTCUSDT", "a": 3164041347, "p": "63264.88000000", "q": "0.15807000", "f": 3849594111, "l": 3849594112, "T": 1727121533462, "m": false, "M": true}
{"e": "aggTrade", "E": 1727121535529, "s": "BTCUSDT", "a": 3164041348, "p": "63264.88000000", "q": "0.00015000", "f": 3849594113, "l": 3849594113, "T": 1727121535528, "m": false, "M": true}
{"e": "aggTrade", "E": 1727121535715, "s": "BTCUSDT", "a": 3164041349, "p": "63264.88000000", "q": "0.00079000", "f": 3849594114, "l": 3849594114, "T": 1727121535715, "m": false, "M": true}
{"e": "aggTrade", "E": 1727121536215, "s": "BTCUSDT", "a": 3164041350, "p": "63264.87000000", "q": "0.03170000", "f": 3849594115, "l": 3849594115, "T": 1727121536215, "m": true, "M": true}
{"e": "aggTrade", "E": 1727121536235, "s": "BTCUSDT", "a": 3164041351, "p": "63264.87000000", "q": "0.78800000", "f": 3849594116, "l": 3849594123, "T": 1727121536234, "m": true, "M": true}
{"e": "aggTrade", "E": 1727121536650, "s": "BTCUSDT", "a": 3164041352, "p": "63264.87000000", "q": "0.00048000", "f": 3849594124, "l": 3849594124, "T": 1727121536650, "m": true, "M": true}
{"e": "aggTrade", "E": 1727121537112, "s": "BTCUSDT", "a": 3164041353, "p": "63264.87000000", "q": "0.00016000", "f": 3849594125, "l": 3849594125, "T": 1727121537111, "m": true, "M": true}
{"e": "aggTrade", "E": 1727121537116, "s": "BTCUSDT", "a": 3164041354, "p": "63264.88000000", "q": "0.00696000", "f": 3849594126, "l": 3849594134, "T": 1727121537115, "m": false, "M": true}
{"e": "aggTrade", "E": 1727121537116, "s": "BTCUSDT", "a": 3164041355, "p": "63264.89000000", "q": "0.00090000", "f": 3849594135, "l": 3849594144, "T": 1727121537115, "m": false, "M": true}
{"e": "aggTrade", "E": 1727121537116, "s": "BTCUSDT", "a": 3164041356, "p": "63264.90000000", "q": "0.01421000", "f": 3849594145, "l": 3849594146, "T": 1727121537115, "m": false, "M": true}
{"e": "aggTrade", "E": 1727121537116, "s": "BTCUSDT", "a": 3164041357, "p": "63264.91000000", "q": "0.00090000", "f": 3849594147, "l": 3849594156, "T": 1727121537115, "m": false, "M": true}
{"e": "aggTrade", "E": 1727121537116, "s": "BTCUSDT", "a": 3164041358, "p": "63264.92000000", "q": "0.00500000", "f": 3849594157, "l": 3849594157, "T": 1727121537115, "m": false, "M": true}
{"e": "aggTrade", "E": 1727121537116, "s": "BTCUSDT", "a": 3164041359, "p": "63265.99000000", "q": "0.00090000", "f": 3849594158, "l": 3849594167, "T": 1727121537115, "m": false, "M": true}
{"e": "aggTrade", "E": 1727121537116, "s": "BTCUSDT", "a": 3164041360, "p": "63266.00000000", "q": "0.02400000", "f": 3849594168, "l": 3849594170, "T": 1727121537115, "m": false, "M": true}
{"e": "aggTrade", "E": 1727121537116, "s": "BTCUSDT", "a": 3164041361, "p": "63266.89000000", "q": "0.00090000", "f": 3849594171, "l": 3849594180, "T": 1727121537115, "m": false, "M": true}
{"e": "aggTrade", "E": 1727121537271, "s": "BTCUSDT", "a": 3164041362, "p": "63268.00000000", "q": "0.00034000", "f": 3849594181, "l": 3849594181, "T": 1727121537270, "m": false, "M": true}
{"e": "aggTrade", "E": 1727121537560, "s": "BTCUSDT", "a": 3164041363, "p": "63267.99000000", "q": "0.00018000", "f": 3849594182, "l": 3849594182, "T": 1727121537559, "m": true, "M": true}
{"e": "aggTrade", "E": 1727121537564, "s": "BTCUSDT", "a": 3164041364, "p": "63267.99000000", "q": "0.00048000", "f": 3849594183, "l": 3849594183, "T": 1727121537564, "m": true, "M": true}
{"e": "aggTrade", "E": 1727121538022, "s": "BTCUSDT", "a": 3164041365, "p": "63267.99000000", "q": "0.00048000", "f": 3849594184, "l": 3849594184, "T": 1727121538022, "m": true, "M": true}
{"e": "aggTrade", "E": 1727121538116, "s": "BTCUSDT", "a": 3164041366, "p": "63268.00000000", "q": "0.02802000", "f": 3849594185, "l": 3849594192, "T": 1727121538115, "m": false, "M": true}
{"e": "aggTrade", "E": 1727121538116, "s": "BTCUSDT", "a": 3164041367, "p": "63268.01000000", "q": "0.00090000", "f": 3849594193, "l": 3849594202, "T": 1727121538115, "m": false, "M": true}
{"e": "aggTrade", "E": 1727121538116, "s": "BTCUSDT", "a": 3164041368, "p": "63268.02000000", "q": "0.00595000", "f": 3849594203, "l": 3849594213, "T": 1727121538115, "m": false, "M": true}
{"e": "aggTrade", "E": 1727121538116, "s": "BTCUSDT", "a": 3164041369, "p": "63268.03000000", "q": "0.03162000", "f": 3849594214, "l": 3849594214, "T": 1727121538115, "m": false, "M": true}
{"e": "aggTrade", "E": 1727121538116, "s": "BTCUSDT", "a": 3164041370, "p": "63269.30000000", "q": "0.00090000", "f": 3849594215, "l": 3849594224, "T": 1727121538115, "m": false, "M": true}
{"e": "aggTrade", "E": 1727121538322, "s": "BTCUSDT", "a": 3164041371, "p": "63269.31000000", "q": "0.00480000", "f": 3849594225, "l": 3849594225, "T": 1727121538321, "m": false, "M": true}
{"e": "aggTrade", "E": 1727121538333, "s": "BTCUSDT", "a": 3164041372, "p": "63269.31000000", "q": "0.04891000", "f": 3849594226, "l": 3849594226, "T": 1727121538332, "m": false, "M": true}
{"e": "aggTrade", "E": 1727121538484, "s": "BTCUSDT", "a": 3164041373, "p": "63269.30000000", "q": "0.00048000", "f": 3849594227, "l": 3849594227, "T": 1727121538484, "m": true, "M": true}
{"e": "aggTrade", "E": 1727121538776, "s": "BTCUSDT", "a": 3164041374, "p": "63269.31000000", "q": "0.00012000", "f": 3849594228, "l": 3849594228, "T": 1727121538776, "m": false, "M": true}
{"e": "aggTrade", "E": 1727121538995, "s": "BTCUSDT", "a": 3164041375, "p": "63269.39000000", "q": "0.00032000", "f": 3849594229, "l": 3849594229, "T": 1727121538994, "m": false, "M": true}
{"e": "aggTrade", "E": 1727121538995, "s": "BTCUSDT", "a": 3164041376, "p": "63269.92000000", "q": "0.00002000", "f": 3849594230, "l": 3849594230, "T": 1727121538994, "m": false, "M": true}
{"e": "aggTrade", "E": 1727121538999, "s": "BTCUSDT", "a": 3164041377, "p": "63269.92000000", "q": "0.00034000", "f": 3849594231, "l": 3849594231, "T": 1727121538998, "m": false, "M": true}
{"e": "aggTrade", "E": 1727121538999, "s": "BTCUSDT", "a": 3164041378, "p": "63269.92000000", "q": "0.00034000", "f": 3849594232, "l": 3849594232, "T": 1727121538998, "m": false, "M": true}
{"e": "aggTrade", "E": 1727121538999, "s": "BTCUSDT", "a": 3164041379, "p": "63269.92000000", "q": "0.00034000", "f": 3849594233, "l": 3849594233, "T": 1727121538998, "m": false, "M": true}
{"e": "aggTrade", "E": 1727121538999, "s": "BTCUSDT", "a": 3164041380, "p": "63269.92000000", "q": "0.00034000", "f": 3849594234, "l": 3849594234, "T": 1727121538998, "m": false, "M": true}
{"e": "aggTrade", "E": 1727121538999, "s": "BTCUSDT", "a": 3164041381, "p": "63269.92000000", "q": "0.00034000", "f": 3849594235, "l": 3849594235, "T": 1727121538998, "m": false, "M": true}
{"e": "aggTrade", "E": 1727121538999, "s": "BTCUSDT", "a": 3164041382, "p": "63269.92000000", "q": "0.00034000", "f": 3849594236, "l": 3849594236, "T": 1727121538998, "m": false, "M": true}
{"e": "aggTrade", "E": 1727121538999, "s": "BTCUSDT", "a": 3164041383, "p": "63269.92000000", "q": "0.00034000", "f": 3849594237, "l": 3849594237, "T": 1727121538998, "m": false, "M": true}
{"e": "aggTrade", "E": 1727121538999, "s": "BTCUSDT", "a": 3164041384, "p": "63269.92000000", "q": "0.00034000", "f": 3849594238, "l": 3849594238, "T": 1727121538998, "m": false, "M": true}
{"e": "aggTrade", "E": 1727121538999, "s": "BTCUSDT", "a": 3164041385, "p": "63269.92000000", "q": "0.00034000", "f": 3849594239, "l": 3849594239, "T": 1727121538998, "m": false, "M": true}
{"e": "aggTrade", "E": 1727121538999, "s": "BTCUSDT", "a": 3164041386, "p": "63269.92000000", "q": "0.00034000", "f": 3849594240, "l": 3849594240, "T": 1727121538998, "m": false, "M": true}
{"e": "aggTrade", "E": 1727121538999, "s": "BTCUSDT", "a": 3164041387, "p": "63269.92000000", "q": "0.00034000", "f": 3849594241, "l": 3849594241, "T": 1727121538998, "m": false, "M": true}
{"e": "aggTrade", "E": 1727121538999, "s": "BTCUSDT", "a": 3164041388, "p": "63269.92000000", "q": "0.00034000", "f": 3849594242, "l": 3849594242, "T": 1727121538998, "m": false, "M": true}
{"e": "aggTrade", "E": 1727121538999, "s": "BTCUSDT", "a": 3164041389, "p": "63269.92000000", "q": "0.00034000", "f": 3849594243, "l": 3849594243, "T": 1727121538998, "m": false, "M": true}
{"e": "aggTrade", "E": 1727121538999, "s": "BTCUSDT", "a": 3164041390, "p": "63269.92000000", "q": "0.00034000", "f": 3849594244, "l": 3849594244, "T": 1727121538998, "m": false, "M": true}
{"e": "aggTrade", "E": 1727121538999, "s": "BTCUSDT", "a": 3164041391, "p": "63269.92000000", "q": "0.00034000", "f": 3849594245, "l": 3849594245, "T": 1727121538998, "m": false, "M": true}
{"e": "aggTrade", "E": 1727121538999, "s": "BTCUSDT", "a": 3164041392, "p": "63269.92000000", "q": "0.00034000", "f": 3849594246, "l": 3849594246, "T": 1727121538998, "m": false, "M": true}
{"e": "aggTrade", "E": 1727121538999, "s": "BTCUSDT", "a": 3164041393, "p": "63269.92000000", "q": "0.00034000", "f": 3849594247, "l": 3849594247, "T": 1727121538998, "m": false, "M": true}
{"e": "aggTrade", "E": 1727121538999, "s": "BTCUSDT", "a": 3164041394, "p": "63269.92000000", "q": "0.00034000", "f": 3849594248, "l": 3849594248, "T": 1727121538998, "m": false, "M": true}
{"e": "aggTrade", "E": 1727121538999, "s": "BTCUSDT", "a": 3164041395, "p": "63269.92000000", "q": "0.00034000", "f": 3849594249, "l": 3849594249, "T": 1727121538999, "m": false, "M": true}
{"e": "aggTrade", "E": 1727121538999, "s": "BTCUSDT", "a": 3164041396, "p": "63269.92000000", "q": "0.00034000", "f": 3849594250, "l": 3849594250, "T": 1727121538999, "m": false, "M": true}
{"e": "aggTrade", "E": 1727121538999, "s": "BTCUSDT", "a": 3164041397, "p": "63269.92000000", "q": "0.00034000", "f": 3849594251, "l": 3849594251, "T": 1727121538999, "m": false, "M": true}
{"e": "aggTrade", "E": 1727121538999, "s": "BTCUSDT", "a": 3164041398, "p": "63269.92000000", "q": "0.00034000", "f": 3849594252, "l": 3849594252, "T": 1727121538999, "m": false, "M": true}
{"e": "aggTrade", "E": 1727121538999, "s": "BTCUSDT", "a": 3164041399, "p": "63269.92000000", "q": "0.00034000", "f": 3849594253, "l": 3849594253, "T": 1727121538999, "m": false, "M": true}
{"e": "aggTrade", "E": 1727121539403, "s": "BTCUSDT", "a": 3164041400, "p": "63269.91000000", "q": "0.00048000", "f": 3849594254, "l": 3849594254, "T": 1727121539403, "m": true, "M": true}
{"e": "aggTrade", "E": 1727121539862, "s": "BTCUSDT", "a": 3164041401, "p": "63269.91000000", "q": "0.00048000", "f": 3849594255, "l": 3849594255, "T": 1727121539862, "m": true, "M": true}
{"e": "aggTrade", "E": 1727121539892, "s": "BTCUSDT", "a": 3164041402, "p": "63269.91000000", "q": "0.00058000", "f": 3849594256, "l": 3849594256, "T": 1727121539891, "m": true, "M": true}
{"e": "aggTrade", "E": 1727121539965, "s": "BTCUSDT", "a": 3164041403, "p": "63269.91000000", "q": "0.00018000", "f": 3849594257, "l": 3849594257, "T": 1727121539964, "m": true, "M": true}
{"e": "aggTrade", "E": 1727121540134, "s": "BTCUSDT", "a": 3164041404, "p": "63269.91000000", "q": "0.00098000", "f": 3849594258, "l": 3849594258, "T": 1727121540134, "m": true, "M": true}
{"e": "aggTrade", "E": 1727121540285, "s": "BTCUSDT", "a": 3164041405, "p": "63269.91000000", "q": "0.00015000", "f": 3849594259, "l": 3849594259, "T": 1727121540285, "m": true, "M": true}
{"e": "aggTrade", "E": 1727121540296, "s": "BTCUSDT", "a": 3164041406, "p": "63269.92000000", "q": "0.00034000", "f": 3849594260, "l": 3849594263, "T": 1727121540295, "m": false, "M": true}
{"e": "aggTrade", "E": 1727121540296, "s": "BTCUSDT", "a": 3164041407, "p": "63269.92000000", "q": "0.00002000", "f": 3849594264, "l": 3849594264, "T": 1727121540295, "m": false, "M": true}
{"e": "aggTrade", "E": 1727121540296, "s": "BTCUSDT", "a": 3164041408, "p": "63270.00000000", "q": "0.00032000", "f": 3849594265, "l": 3849594265, "T": 1727121540295, "m": false, "M": true}
{"e": "aggTrade", "E": 1727121540320, "s": "BTCUSDT", "a": 3164041409, "p": "63269.99000000", "q": "0.00048000", "f": 3849594266, "l": 3849594266, "T": 1727121540319, "m": true, "M": true}
{"e": "aggTrade", "E": 1727121540769, "s": "BTCUSDT", "a": 3164041410, "p": "63270.00000000", "q": "0.10611000", "f": 3849594267, "l": 3849594272, "T": 1727121540768, "m": false, "M": true}
{"e": "aggTrade", "E": 1727121540771, "s": "BTCUSDT", "a": 3164041411, "p": "63272.00000000", "q": "0.00034000", "f": 3849594273, "l": 3849594273, "T": 1727121540770, "m": false, "M": true}
{"e": "aggTrade", "E": 1727121540787, "s": "BTCUSDT", "a": 3164041412, "p": "63272.00000000", "q": "0.02806000", "f": 3849594274, "l": 3849594279, "T": 1727121540786, "m": false, "M": true}
{"e": "aggTrade", "E": 1727121540787, "s": "BTCUSDT", "a": 3164041413, "p": "63273.59000000", "q": "0.00039000", "f": 3849594280, "l": 3849594280, "T": 1727121540786, "m": false, "M": true}
{"e": "aggTrade", "E": 1727121540787, "s": "BTCUSDT", "a": 3164041414, "p": "63273.65000000", "q": "0.00008000", "f": 3849594281, "l": 3849594281, "T": 1727121540786, "m": false, "M": true}
{"e": "aggTrade", "E": 1727121541296, "s": "BTCUSDT", "a": 3164041415, "p": "63273.98000000", "q": "0.88420000", "f": 3849594282, "l": 3849594290, "T": 1727121541295, "m": true, "M": true}
{"e": "aggTrade", "E": 1727121541309, "s": "BTCUSDT", "a": 3164041416, "p": "63273.99000000", "q": "0.00170000", "f": 3849594291, "l": 3849594292, "T": 1727121541308, "m": false, "M": true}
{"e": "aggTrade", "E": 1727121541505, "s": "BTCUSDT", "a": 3164041417, "p": "63273.99000000", "q": "0.02122000", "f": 3849594293, "l": 3849594293, "T": 1727121541505, "m": false, "M": true}
{"e": "aggTrade", "E": 1727121541656, "s": "BTCUSDT", "a": 3164041418, "p": "63273.99000000", "q": "0.00017000", "f": 3849594294, "l": 3849594294, "T": 1727121541656, "m": false, "M": true}
{"e": "aggTrade", "E": 1727121541916, "s": "BTCUSDT", "a": 3164041419, "p": "63273.99000000", "q": "0.02163000", "f": 3849594295, "l": 3849594311, "T": 1727121541915, "m": false, "M": true}
{"e": "aggTrade", "E": 1727121541916, "s": "BTCUSDT", "a": 3164041420, "p": "63274.00000000", "q": "0.02840000", "f": 3849594312, "l": 3849594317, "T": 1727121541915, "m": false, "M": true}
{"e": "aggTrade", "E": 1727121541916, "s": "BTCUSDT", "a": 3164041421, "p": "63274.21000000", "q": "0.00032000", "f": 3849594318, "l": 3849594318, "T": 1727121541915, "m": false, "M": true}
{"e": "aggTrade", "E": 1727121541916, "s": "BTCUSDT", "a": 3164041422, "p": "63275.79000000", "q": "0.00079000", "f": 3849594319, "l": 3849594319, "T": 1727121541915, "m": false, "M": true}
{"e": "aggTrade", "E": 1727121541916, "s": "BTCUSDT", "a": 3164041423, "p": "63275.99000000", "q": "0.00090000", "f": 3849594320, "l": 3849594329, "T": 1727121541915, "m": false, "M": true}
{"e": "aggTrade", "E": 1727121541916, "s": "BTCUSDT", "a": 3164041424, "p": "63276.00000000", "q": "0.02840000", "f": 3849594330, "l": 3849594335, "T": 1727121541915, "m": false, "M": true}
{"e": "aggTrade", "E": 1727121541916, "s": "BTCUSDT", "a": 3164041425, "p": "63276.76000000", "q": "0.00039000", "f": 3849594336, "l": 3849594336, "T": 1727121541915, "m": false, "M": true}
{"e": "aggTrade", "E": 1727121541916, "s": "BTCUSDT", "a": 3164041426, "p": "63276.84000000", "q": "0.00008000", "f": 3849594337, "l": 3849594337, "T": 1727121541915, "m": false, "M": true}
{"e": "aggTrade", "E": 1727121541916, "s": "BTCUSDT", "a": 3164041427, "p": "63277.27000000", "q": "0.00090000", "f": 3849594338, "l": 3849594347, "T": 1727121541915, "m": false, "M": true}
{"e": "aggTrade", "E": 1727121541967, "s": "BTCUSDT", "a": 3164041428, "p": "63277.28000000", "q": "0.24999000", "f": 3849594348, "l": 3849594350, "T": 1727121541966, "m": false, "M": true}
{"e": "aggTrade", "E": 1727121542069, "s": "BTCUSDT", "a": 3164041429, "p": "63277.98000000", "q": "0.00089000", "f": 3849594351, "l": 3849594351, "T": 1727121542068, "m": true, "M": true}
{"e": "aggTrade", "E": 1727121542070, "s": "BTCUSDT", "a": 3164041430, "p": "63277.98000000", "q": "0.00020000", "f": 3849594352, "l": 3849594353, "T": 1727121542069, "m": true, "M": true}
{"e": "aggTrade", "E": 1727121542103, "s": "BTCUSDT", "a": 3164041431, "p": "63277.99000000", "q": "0.00034000", "f": 3849594354, "l": 3849594354, "T": 1727121542101, "m": false, "M": true}
{"e": "aggTrade", "E": 1727121542103, "s": "BTCUSDT", "a": 3164041432, "p": "63277.99000000", "q": "0.00034000", "f": 3849594355, "l": 3849594355, "T": 1727121542101, "m": false, "M": true}
{"e": "aggTrade", "E": 1727121542103, "s": "BTCUSDT", "a": 3164041433, "p": "63277.99000000", "q": "0.00022000", "f": 3849594356, "l": 3849594356, "T": 1727121542101, "m": false, "M": true}
{"e": "aggTrade", "E": 1727121542103, "s": "BTCUSDT", "a": 3164041434, "p": "63278.00000000", "q": "0.00012000", "f": 3849594357, "l": 3849594357, "T": 1727121542101, "m": false, "M": true}
{"e": "aggTrade", "E": 1727121542132, "s": "BTCUSDT", "a": 3164041435, "p": "63278.00000000", "q": "0.02828000", "f": 3849594358, "l": 3849594363, "T": 1727121542132, "m": false, "M": true}
{"e": "aggTrade", "E": 1727121542132, "s": "BTCUSDT", "a": 3164041436, "p": "63279.92000000", "q": "0.00039000", "f": 3849594364, "l": 3849594364, "T": 1727121542132, "m": false, "M": true}
{"e": "aggTrade", "E": 1727121542135, "s": "BTCUSDT", "a": 3164041437, "p": "63279.99000000", "q": "0.00072000", "f": 3849594365, "l": 3849594372, "T": 1727121542135, "m": false, "M": true}
{"e": "aggTrade", "E": 1727121542136, "s": "BTCUSDT", "a": 3164041438, "p": "63279.99000000", "q": "0.00027000", "f": 3849594373, "l": 3849594375, "T": 1727121542135, "m": false, "M": true}
{"e": "aggTrade", "E": 1727121542213, "s": "BTCUSDT", "a": 3164041439, "p": "63280.00000000", "q": "0.00028000", "f": 3849594376, "l": 3849594377, "T": 1727121542212, "m": false, "M": true}
{"e": "aggTrade", "E": 1727121542262, "s": "BTCUSDT", "a": 3164041440, "p": "63280.00000000", "q": "0.15454000", "f": 3849594378, "l": 3849594383, "T": 1727121542261, "m": false, "M": true}
{"e": "aggTrade", "E": 1727121542262, "s": "BTCUSDT", "a": 3164041441, "p": "63281.99000000", "q": "0.00090000", "f": 3849594384, "l": 3849594393, "T": 1727121542261, "m": false, "M": true}
{"e": "aggTrade", "E": 1727121542262, "s": "BTCUSDT", "a": 3164041442, "p": "63282.00000000", "q": "0.00812000", "f": 3849594394, "l": 3849594395, "T": 1727121542261, "m": false, "M": true}
{"e": "aggTrade", "E": 1727121543256, "s": "BTCUSDT", "a": 3164041443, "p": "63281.99000000", "q": "0.00045000", "f": 3849594396, "l": 3849594396, "T": 1727121543256, "m": true, "M": true}
{"e": "aggTrade", "E": 1727121543525, "s": "BTCUSDT", "a": 3164041444, "p": "63281.99000000", "q": "0.00048000", "f": 3849594397, "l": 3849594397, "T": 1727121543524, "m": true, "M": true}
{"e": "aggTrade", "E": 1727121543626, "s": "BTCUSDT", "a": 3164041445, "p": "63281.99000000", "q": "0.00042000", "f": 3849594398, "l": 3849594398, "T": 1727121543625, "m": true, "M": true}
{"e": "aggTrade", "E": 1727121543850, "s": "BTCUSDT", "a": 3164041446, "p": "63281.99000000", "q": "0.05257000", "f": 3849594399, "l": 3849594409, "T": 1727121543850, "m": true, "M": true}
{"e": "aggTrade", "E": 1727121543850, "s": "BTCUSDT", "a": 3164041447, "p": "63281.96000000", "q": "0.00110000", "f": 3849594410, "l": 3849594421, "T": 1727121543850, "m": true, "M": true}
{"e": "aggTrade", "E": 1727121543850, "s": "BTCUSDT", "a": 3164041448, "p": "63281.95000000", "q": "0.00235000", "f": 3849594422, "l": 3849594423, "T": 1727121543850, "m": true, "M": true}
{"e": "aggTrade", "E": 1727121543857, "s": "BTCUSDT", "a": 3164041449, "p": "63281.01000000", "q": "0.00020000", "f": 3849594424, "l": 3849594425, "T": 1727121543856, "m": true, "M": true}
{"e": "aggTrade", "E": 1727121543857, "s": "BTCUSDT", "a": 3164041450, "p": "63281.00000000", "q": "0.00140000", "f": 3849594426, "l": 3849594437, "T": 1727121543856, "m": true, "M": true}
{"e": "aggTrade", "E": 1727121543857, "s": "BTCUSDT", "a": 3164041451, "p": "63280.99000000", "q": "0.00020000", "f": 3849594438, "l": 3849594439, "T": 1727121543856, "m": true, "M": true}
{"e": "aggTrade", "E": 1727121543857, "s": "BTCUSDT", "a": 3164041452, "p": "63280.12000000", "q": "0.00158000", "f": 3849594440, "l": 3849594440, "T": 1727121543856, "m": true, "M": true}
{"e": "aggTrade", "E": 1727121543857, "s": "BTCUSDT", "a": 3164041453, "p": "63280.11000000", "q": "0.00063000", "f": 3849594441, "l": 3849594447, "T": 1727121543856, "m": true, "M": true}
{"e": "aggTrade", "E": 1727121543857, "s": "BTCUSDT", "a": 3164041454, "p": "63280.11000000", "q": "0.00056000", "f": 3849594448, "l": 3849594454, "T": 1727121543856, "m": true, "M": true}
{"e": "aggTrade", "E": 1727121543871, "s": "BTCUSDT", "a": 3164041455, "p": "63280.10000000", "q": "0.00034000", "f": 3849594455, "l": 3849594455, "T": 1727121543870, "m": true, "M": true}
{"e": "aggTrade", "E": 1727121543871, "s": "BTCUSDT", "a": 3164041456, "p": "63280.10000000", "q": "0.00034000", "f": 3849594456, "l": 3849594456, "T": 1727121543870, "m": true, "M": true}
{"e": "aggTrade", "E": 1727121543871, "s": "BTCUSDT", "a": 3164041457, "p": "63280.10000000", "q": "0.00034000", "f": 3849594457, "l": 3849594457, "T": 1727121543870, "m": true, "M": true}
{"e": "aggTrade", "E": 1727121543871, "s": "BTCUSDT", "a": 3164041458, "p": "63280.10000000", "q": "0.00034000", "f": 3849594458, "l": 3849594458, "T": 1727121543870, "m": true, "M": true}
{"e": "aggTrade", "E": 1727121543871, "s": "BTCUSDT", "a": 3164041459, "p": "63280.10000000", "q": "0.00034000", "f": 3849594459, "l": 3849594459, "T": 1727121543870, "m": true, "M": true}
{"e": "aggTrade", "E": 1727121543871, "s": "BTCUSDT", "a": 3164041460, "p": "63280.10000000", "q": "0.00034000", "f": 3849594460, "l": 3849594460, "T": 1727121543870, "m": true, "M": true}
{"e": "aggTrade", "E": 1727121543871, "s": "BTCUSDT", "a": 3164041461, "p": "63280.10000000", "q": "0.00034000", "f": 3849594461, "l": 3849594461, "T": 1727121543870, "m": true, "M": true}
{"e": "aggTrade", "E": 1727121543871, "s": "BTCUSDT", "a": 3164041462, "p": "63280.10000000", "q": "0.00034000", "f": 3849594462, "l": 3849594462, "T": 1727121543870, "m": true, "M": true}
{"e": "aggTrade", "E": 1727121543871, "s": "BTCUSDT", "a": 3164041463, "p": "63280.10000000", "q": "0.00034000", "f": 3849594463, "l": 3849594463, "T": 1727121543870, "m": true, "M": true}
{"e": "aggTrade", "E": 1727121543871, "s": "BTCUSDT", "a": 3164041464, "p": "63280.10000000", "q": "0.00034000", "f": 3849594464, "l": 3849594464, "T": 1727121543870, "m": true, "M": true}
{"e": "aggTrade", "E": 1727121543871, "s": "BTCUSDT", "a": 3164041465, "p": "63280.10000000", "q": "0.00034000", "f": 3849594465, "l": 3849594465, "T": 1727121543870, "m": true, "M": true}
{"e": "aggTrade", "E": 1727121543871, "s": "BTCUSDT", "a": 3164041466, "p": "63280.10000000", "q": "0.00034000", "f": 3849594466, "l": 3849594466, "T": 1727121543870, "m": true, "M": true}
{"e": "aggTrade", "E": 1727121543871, "s": "BTCUSDT", "a": 3164041467, "p": "63280.10000000", "q": "0.00034000", "f": 3849594467, "l": 3849594467, "T": 1727121543870, "m": true, "M": true}
{"e": "aggTrade", "E": 1727121543871, "s": "BTCUSDT", "a": 3164041468, "p": "63280.10000000", "q": "0.00015000", "f": 3849594468, "l": 3849594468, "T": 1727121543870, "m": true, "M": true}
{"e": "aggTrade", "E": 1727121543871, "s": "BTCUSDT", "a": 3164041469, "p": "63280.01000000", "q": "0.00019000", "f": 3849594469, "l": 3849594470, "T": 1727121543870, "m": true, "M": true}
{"e": "aggTrade", "E": 1727121543871, "s": "BTCUSDT", "a": 3164041470, "p": "63280.01000000", "q": "0.00034000", "f": 3849594471, "l": 3849594474, "T": 1727121543870, "m": true, "M": true}
{"e": "aggTrade", "E": 1727121543871, "s": "BTCUSDT", "a": 3164041471, "p": "63280.01000000", "q": "0.00034000", "f": 3849594475, "l": 3849594478, "T": 1727121543870, "m": true, "M": true}
{"e": "aggTrade", "E": 1727121543871, "s": "BTCUSDT", "a": 3164041472, "p": "63280.01000000", "q": "0.00033000", "f": 3849594479, "l": 3849594481, "T": 1727121543870, "m": true, "M": true}
{"e": "aggTrade", "E": 1727121543871, "s": "BTCUSDT", "a": 3164041473, "p": "63280.00000000", "q": "0.00001000", "f": 3849594482, "l": 3849594482, "T": 1727121543870, "m": true, "M": true}
{"e": "aggTrade", "E": 1727121543871, "s": "BTCUSDT", "a": 3164041474, "p": "63280.00000000", "q": "0.00034000", "f": 3849594483, "l": 3849594486, "T": 1727121543870, "m": true, "M": true}
{"e": "aggTrade", "E": 1727121543871, "s": "BTCUSDT", "a": 3164041475, "p": "63280.00000000", "q": "0.00001000", "f": 3849594487, "l": 3849594487, "T": 1727121543870, "m": true, "M": true}
{"e": "aggTrade", "E": 1727121543871, "s": "BTCUSDT", "a": 3164041476, "p": "63278.55000000", "q": "0.00033000", "f": 3849594488, "l": 3849594490, "T": 1727121543870, "m": true, "M": true}
{"e": "aggTrade", "E": 1727121543871, "s": "BTCUSDT", "a": 3164041477, "p": "63278.55000000", "q": "0.00034000", "f": 3849594491, "l": 3849594494, "T": 1727121543870, "m": true, "M": true}
{"e": "aggTrade", "E": 1727121543871, "s": "BTCUSDT", "a": 3164041478, "p": "63278.55000000", "q": "0.00034000", "f": 3849594495, "l": 3849594498, "T": 1727121543871, "m": true, "M": true}
{"e": "aggTrade", "E": 1727121543871, "s": "BTCUSDT", "a": 3164041479, "p": "63278.55000000", "q": "0.00019000", "f": 3849594499, "l": 3849594500, "T": 1727121543871, "m": true, "M": true}
{"e": "aggTrade", "E": 1727121543871, "s": "BTCUSDT", "a": 3164041480, "p": "63278.54000000", "q": "0.00015000", "f": 3849594501, "l": 3849594501, "T": 1727121543871, "m": true, "M": true}
{"e": "aggTrade", "E": 1727121543985, "s": "BTCUSDT", "a": 3164041481, "p": "63278.54000000", "q": "0.00048000", "f": 3849594502, "l": 3849594502, "T": 1727121543984, "m": true, "M": true}
{"e": "aggTrade", "E": 1727121544238, "s": "BTCUSDT", "a": 3164041482, "p": "63278.54000000", "q": "0.01840000", "f": 3849594503, "l": 3849594503, "T": 1727121544238, "m": true, "M": true}
{"e": "aggTrade", "E": 1727121544308, "s": "BTCUSDT", "a": 3164041483, "p": "63278.55000000", "q": "0.00171000", "f": 3849594504, "l": 3849594504, "T": 1727121544307, "m": false, "M": true}
{"e": "aggTrade", "E": 1727121544524, "s": "BTCUSDT", "a": 3164041484, "p": "63278.54000000", "q": "0.00013000", "f": 3849594505, "l": 3849594505, "T": 1727121544524, "m": true, "M": true}
{"e": "aggTrade", "E": 1727121544591, "s": "BTCUSDT", "a": 3164041485, "p": "63278.54000000", "q": "0.00175000", "f": 3849594506, "l": 3849594506, "T": 1727121544591, "m": true, "M": true}
{"e": "aggTrade", "E": 1727121545501, "s": "BTCUSDT", "a": 3164041486, "p": "63278.54000000", "q": "0.00023000", "f": 3849594507, "l": 3849594507, "T": 1727121545500, "m": true, "M": true}
{"e": "aggTrade", "E": 1727121545502, "s": "BTCUSDT", "a": 3164041487, "p": "63278.55000000", "q": "0.00023000", "f": 3849594508, "l": 3849594508, "T": 1727121545501, "m": false, "M": true}
{"e": "aggTrade", "E": 1727121545505, "s": "BTCUSDT", "a": 3164041488, "p": "63278.54000000", "q": "0.00009000", "f": 3849594509, "l": 3849594509, "T": 1727121545505, "m": true, "M": true}
{"e": "aggTrade", "E": 1727121545606, "s": "BTCUSDT", "a": 3164041489, "p": "63278.54000000", "q": "0.00023000", "f": 3849594510, "l": 3849594510, "T": 1727121545606, "m": true, "M": true}
{"e": "aggTrade", "E": 1727121545608, "s": "BTCUSDT", "a": 3164041490, "p": "63278.55000000", "q": "0.00023000", "f": 3849594511, "l": 3849594511, "T": 1727121545607, "m": false, "M": true}
{"e": "aggTrade", "E": 1727121545711, "s": "BTCUSDT", "a": 3164041491, "p": "63278.54000000", "q": "0.00023000", "f": 3849594512, "l": 3849594512, "T": 1727121545711, "m": true, "M": true}
{"e": "aggTrade", "E": 1727121545713, "s": "BTCUSDT", "a": 3164041492, "p": "63278.55000000", "q": "0.00023000", "f": 3849594513, "l": 3849594513, "T": 1727121545713, "m": false, "M": true}
{"e": "aggTrade", "E": 1727121545817, "s": "BTCUSDT", "a": 3164041493, "p": "63278.54000000", "q": "0.00023000", "f": 3849594514, "l": 3849594514, "T": 1727121545817, "m": true, "M": true}
{"e": "aggTrade", "E": 1727121545819, "s": "BTCUSDT", "a": 3164041494, "p": "63278.55000000", "q": "0.00023000", "f": 3849594515, "l": 3849594515, "T": 1727121545818, "m": false, "M": true}
{"e": "aggTrade", "E": 1727121546066, "s": "BTCUSDT", "a": 3164041495, "p": "63278.55000000", "q": "0.00947000", "f": 3849594516, "l": 3849594517, "T": 1727121546065, "m": false, "M": true}
{"e": "aggTrade", "E": 1727121546073, "s": "BTCUSDT", "a": 3164041496, "p": "63278.55000000", "q": "0.00905000", "f": 3849594518, "l": 3849594519, "T": 1727121546073, "m": false, "M": true}
{"e": "aggTrade", "E": 1727121546073, "s": "BTCUSDT", "a": 3164041497, "p": "63278.59000000", "q": "0.00056000", "f": 3849594520, "l": 3849594520, "T": 1727121546073, "m": false, "M": true}
{"e": "aggTrade", "E": 1727121546075, "s": "BTCUSDT", "a": 3164041498, "p": "63281.01000000", "q": "0.00017000", "f": 3849594521, "l": 3849594521, "T": 1727121546075, "m": false, "M": true}
{"e": "aggTrade", "E": 1727121546076, "s": "BTCUSDT", "a": 3164041499, "p": "63281.01000000", "q": "0.00009000", "f": 3849594522, "l": 3849594522, "T": 1727121546075, "m": false, "M": true}
{"e": "aggTrade", "E": 1727121546084, "s": "BTCUSDT", "a": 3164041500, "p": "63281.99000000", "q": "0.00034000", "f": 3849594523, "l": 3849594523, "T": 1727121546083, "m": false, "M": true}
{"e": "aggTrade", "E": 1727121546084, "s": "BTCUSDT", "a": 3164041501, "p": "63281.99000000", "q": "0.00034000", "f": 3849594524, "l": 3849594524, "T": 1727121546083, "m": false, "M": true}
{"e": "aggTrade", "E": 1727121546084, "s": "BTCUSDT", "a": 3164041502, "p": "63281.99000000", "q": "0.00011000", "f": 3849594525, "l": 3849594525, "T": 1727121546083, "m": false, "M": true}
{"e": "aggTrade", "E": 1727121546084, "s": "BTCUSDT", "a": 3164041503, "p": "63282.00000000", "q": "0.00023000", "f": 3849594526, "l": 3849594527, "T": 1727121546083, "m": false, "M": true}
{"e": "aggTrade", "E": 1727121546089, "s": "BTCUSDT", "a": 3164041504, "p": "63282.00000000", "q": "0.00125000", "f": 3849594528, "l": 3849594528, "T": 1727121546089, "m": false, "M": true}
{"e": "aggTrade", "E": 1727121546092, "s": "BTCUSDT", "a": 3164041505, "p": "63282.00000000", "q": "0.00044000", "f": 3849594529, "l": 3849594529, "T": 1727121546092, "m": false, "M": true}
{"e": "aggTrade", "E": 1727121546110, "s": "BTCUSDT", "a": 3164041506, "p": "63282.00000000", "q": "0.02221000", "f": 3849594530, "l": 3849594535, "T": 1727121546110, "m": false, "M": true}
{"e": "aggTrade", "E": 1727121546125, "s": "BTCUSDT", "a": 3164041507, "p": "63282.00000000", "q": "0.00035000", "f": 3849594536, "l": 3849594536, "T": 1727121546124, "m": false, "M": true}
{"e": "aggTrade", "E": 1727121546171, "s": "BTCUSDT", "a": 3164041508, "p": "63282.00000000", "q": "0.00026000", "f": 3849594537, "l": 3849594539, "T": 1727121546170, "m": false, "M": true}
{"e": "aggTrade", "E": 1727121546171, "s": "BTCUSDT", "a": 3164041509, "p": "63283.91000000", "q": "0.00008000", "f": 3849594540, "l": 3849594540, "T": 1727121546170, "m": false, "M": true}
{"e": "aggTrade", "E": 1727121546171, "s": "BTCUSDT", "a": 3164041510, "p": "63283.91000000", "q": "0.00034000", "f": 3849594541, "l": 3849594541, "T": 1727121546170, "m": false, "M": true}
{"e": "aggTrade", "E": 1727121546171, "s": "BTCUSDT", "a": 3164041511, "p": "63283.91000000", "q": "0.00034000", "f": 3849594542, "l": 3849594542, "T": 1727121546170, "m": false, "M": true}
{"e": "aggTrade", "E": 1727121546171, "s": "BTCUSDT", "a": 3164041512, "p": "63283.91000000", "q": "0.00034000", "f": 3849594543, "l": 3849594543, "T": 1727121546170, "m": false, "M": true}
{"e": "aggTrade", "E": 1727121546171, "s": "BTCUSDT", "a": 3164041513, "p": "63283.91000000", "q": "0.00034000", "f": 3849594544, "l": 3849594544, "T": 1727121546170, "m": false, "M": true}
{"e": "aggTrade", "E": 1727121546171, "s": "BTCUSDT", "a": 3164041514, "p": "63283.91000000", "q": "0.00034000", "f": 3849594545, "l": 3849594545, "T": 1727121546170, "m": false, "M": true}
{"e": "aggTrade", "E": 1727121546171, "s": "BTCUSDT", "a": 3164041515, "p": "63283.91000000", "q": "0.00034000", "f": 3849594546, "l": 3849594546, "T": 1727121546170, "m": false, "M": true}
{"e": "aggTrade", "E": 1727121546171, "s": "BTCUSDT", "a": 3164041516, "p": "63283.91000000", "q": "0.00034000", "f": 3849594547, "l": 3849594547, "T": 1727121546170, "m": false, "M": true}
{"e": "aggTrade", "E": 1727121546171, "s": "BTCUSDT", "a": 3164041517, "p": "63283.91000000", "q": "0.00034000", "f": 3849594548, "l": 3849594548, "T": 1727121546170, "m": false, "M": true}
{"e": "aggTrade", "E": 1727121546171, "s": "BTCUSDT", "a": 3164041518, "p": "63283.91000000", "q": "0.00034000", "f": 3849594549, "l": 3849594549, "T": 1727121546170, "m": false, "M": true}
{"e": "aggTrade", "E": 1727121546171, "s": "BTCUSDT", "a": 3164041519, "p": "63283.91000000", "q": "0.00034000", "f": 3849594550, "l": 3849594550, "T": 1727121546170, "m": false, "M": true}
{"e": "aggTrade", "E": 1727121546171, "s": "BTCUSDT", "a": 3164041520, "p": "63283.91000000", "q": "0.00034000", "f": 3849594551, "l": 3849594551, "T": 1727121546170, "m": false, "M": true}
{"e": "aggTrade", "E": 1727121546171, "s": "BTCUSDT", "a": 3164041521, "p": "63283.91000000", "q": "0.00034000", "f": 3849594552, "l": 3849594552, "T": 1727121546170, "m": false, "M": true}
{"e": "aggTrade", "E": 1727121546171, "s": "BTCUSDT", "a": 3164041522, "p": "63283.91000000", "q": "0.00034000", "f": 3849594553, "l": 3849594553, "T": 1727121546170, "m": false, "M": true}
{"e": "aggTrade", "E": 1727121546171, "s": "BTCUSDT", "a": 3164041523, "p": "63283.91000000", "q": "0.00034000", "f": 3849594554, "l": 3849594554, "T": 1727121546170, "m": false, "M": true}
{"e": "aggTrade", "E": 1727121546171, "s": "BTCUSDT", "a": 3164041524, "p": "63283.91000000", "q": "0.00034000", "f": 3849594555, "l": 3849594555, "T": 1727121546170, "m": false, "M": true}
{"e": "aggTrade", "E": 1727121546171, "s": "BTCUSDT", "a": 3164041525, "p": "63283.91000000", "q": "0.00034000", "f": 3849594556, "l": 3849594556, "T": 1727121546170, "m": false, "M": true}
{"e": "aggTrade", "E": 1727121546171, "s": "BTCUSDT", "a": 3164041526, "p": "63283.91000000", "q": "0.00034000", "f": 3849594557, "l": 3849594557, "T": 1727121546170, "m": false, "M": true}
{"e": "aggTrade", "E": 1727121546171, "s": "BTCUSDT", "a": 3164041527, "p": "63283.91000000", "q": "0.00034000", "f": 3849594558, "l": 3849594558, "T": 1727121546170, "m": false, "M": true}
{"e": "aggTrade", "E": 1727121546171, "s": "BTCUSDT", "a": 3164041528, "p": "63283.91000000", "q": "0.00034000", "f": 3849594559, "l": 3849594559, "T": 1727121546170, "m": false, "M": true}
{"e": "aggTrade", "E": 1727121546171, "s": "BTCUSDT", "a": 3164041529, "p": "63283.91000000", "q": "0.00034000", "f": 3849594560, "l": 3849594560, "T": 1727121546171, "m": false, "M": true}
{"e": "aggTrade", "E": 1727121546172, "s": "BTCUSDT", "a": 3164041530, "p": "63283.91000000", "q": "0.00034000", "f": 3849594561, "l": 3849594561, "T": 1727121546171, "m": false, "M": true}
{"e": "aggTrade", "E": 1727121546172, "s": "BTCUSDT", "a": 3164041531, "p": "63283.91000000", "q": "0.00034000", "f": 3849594562, "l": 3849594562, "T": 1727121546171, "m": false, "M": true}
{"e": "aggTrade", "E": 1727121546269, "s": "BTCUSDT", "a": 3164041532, "p": "63283.91000000", "q": "0.00034000", "f": 3849594563, "l": 3849594563, "T": 1727121546268, "m": false, "M": true}
{"e": "aggTrade", "E": 1727121546269, "s": "BTCUSDT", "a": 3164041533, "p": "63283.91000000", "q": "0.00005000", "f": 3849594564, "l": 3849594564, "T": 1727121546268, "m": false, "M": true}
{"e": "aggTrade", "E": 1727121546269, "s": "BTCUSDT", "a": 3164041534, "p": "63284.00000000", "q": "0.00029000", "f": 3849594565, "l": 3849594565, "T": 1727121546268, "m": false, "M": true}
{"e": "aggTrade", "E": 1727121546279, "s": "BTCUSDT", "a": 3164041535, "p": "63284.00000000", "q": "0.02850000", "f": 3849594566, "l": 3849594572, "T": 1727121546278, "m": false, "M": true}
{"e": "aggTrade", "E": 1727121546279, "s": "BTCUSDT", "a": 3164041536, "p": "63284.16000000", "q": "0.00090000", "f": 3849594573, "l": 3849594582, "T": 1727121546278, "m": false, "M": true}
{"e": "aggTrade", "E": 1727121546279, "s": "BTCUSDT", "a": 3164041537, "p": "63284.17000000", "q": "0.03161000", "f": 3849594583, "l": 3849594583, "T": 1727121546278, "m": false, "M": true}
{"e": "aggTrade", "E": 1727121546279, "s": "BTCUSDT", "a": 3164041538, "p": "63284.32000000", "q": "0.00032000", "f": 3849594584, "l": 3849594584, "T": 1727121546278, "m": false, "M": true}
{"e": "aggTrade", "E": 1727121546279, "s": "BTCUSDT", "a": 3164041539, "p": "63284.73000000", "q": "0.31601000", "f": 3849594585, "l": 3849594585, "T": 1727121546278, "m": false, "M": true}
{"e": "aggTrade", "E": 1727121546279, "s": "BTCUSDT", "a": 3164041540, "p": "63285.32000000", "q": "0.01000000", "f": 3849594586, "l": 3849594586, "T": 1727121546278, "m": false, "M": true}
{"e": "aggTrade", "E": 1727121546279, "s": "BTCUSDT", "a": 3164041541, "p": "63285.92000000", "q": "0.00039000", "f": 3849594587, "l": 3849594587, "T": 1727121546278, "m": false, "M": true}
{"e": "aggTrade", "E": 1727121546279, "s": "BTCUSDT", "a": 3164041542, "p": "63286.00000000", "q": "0.02840000", "f": 3849594588, "l": 3849594593, "T": 1727121546278, "m": false, "M": true}
{"e": "aggTrade", "E": 1727121546902, "s": "BTCUSDT", "a": 3164041543, "p": "63286.08000000", "q": "0.00682000", "f": 3849594594, "l": 3849594594, "T": 1727121546901, "m": false, "M": true}
{"e": "aggTrade", "E": 1727121547505, "s": "BTCUSDT", "a": 3164041544, "p": "63286.08000000", "q": "0.02375000", "f": 3849594595, "l": 3849594599, "T": 1727121547504, "m": false, "M": true}
{"e": "aggTrade", "E": 1727121547505, "s": "BTCUSDT", "a": 3164041545, "p": "63286.09000000", "q": "0.00090000", "f": 3849594600, "l": 3849594609, "T": 1727121547504, "m": false, "M": true}
{"e": "aggTrade", "E": 1727121547505, "s": "BTCUSDT", "a": 3164041546, "p": "63286.10000000", "q": "0.02339000", "f": 3849594610, "l": 3849594610, "T": 1727121547504, "m": false, "M": true}
{"e": "aggTrade", "E": 1727121547505, "s": "BTCUSDT", "a": 3164041547, "p": "63286.11000000", "q": "0.00090000", "f": 3849594611, "l": 3849594620, "T": 1727121547504, "m": false, "M": true}
{"e": "aggTrade", "E": 1727121547505, "s": "BTCUSDT", "a": 3164041548, "p": "63286.12000000", "q": "0.02340000", "f": 3849594621, "l": 3849594621, "T": 1727121547504, "m": false, "M": true}
{"e": "aggTrade", "E": 1727121547505, "s": "BTCUSDT", "a": 3164041549, "p": "63286.41000000", "q": "0.00008000", "f": 3849594622, "l": 3849594622, "T": 1727121547504, "m": false, "M": true}
{"e": "aggTrade", "E": 1727121547505, "s": "BTCUSDT", "a": 3164041550, "p": "63287.34000000", "q": "0.00017000", "f": 3849594623, "l": 3849594623, "T": 1727121547504, "m": false, "M": true}
{"e": "aggTrade", "E": 1727121547505, "s": "BTCUSDT", "a": 3164041551, "p": "63287.99000000", "q": "0.00090000", "f": 3849594624, "l": 3849594633, "T": 1727121547504, "m": false, "M": true}
{"e": "aggTrade", "E": 1727121547505, "s": "BTCUSDT", "a": 3164041552, "p": "63288.00000000", "q": "0.02840000", "f": 3849594634, "l": 3849594639, "T": 1727121547504, "m": false, "M": true}
{"e": "aggTrade", "E": 1727121547767, "s": "BTCUSDT", "a": 3164041553, "p": "63288.76000000", "q": "0.00079000", "f": 3849594640, "l": 3849594641, "T": 1727121547767, "m": false, "M": true}
{"e": "aggTrade", "E": 1727121547923, "s": "BTCUSDT", "a": 3164041554, "p": "63288.80000000", "q": "0.00034000", "f": 3849594642, "l": 3849594642, "T": 1727121547922, "m": false, "M": true}
{"e": "aggTrade", "E": 1727121547923, "s": "BTCUSDT", "a": 3164041555, "p": "63288.80000000", "q": "0.00007000", "f": 3849594643, "l": 3849594643, "T": 1727121547922, "m": false, "M": true}
{"e": "aggTrade", "E": 1727121547923, "s": "BTCUSDT", "a": 3164041556, "p": "63289.60000000", "q": "0.00008000", "f": 3849594644, "l": 3849594644, "T": 1727121547922, "m": false, "M": true}
{"e": "aggTrade", "E": 1727121547923, "s": "BTCUSDT", "a": 3164041557, "p": "63290.00000000", "q": "0.00019000", "f": 3849594645, "l": 3849594645, "T": 1727121547922, "m": false, "M": true}
{"e": "aggTrade", "E": 1727121548073, "s": "BTCUSDT", "a": 3164041558, "p": "63289.99000000", "q": "0.00027000", "f": 3849594646, "l": 3849594646, "T": 1727121548073, "m": true, "M": true}
{"e": "aggTrade", "E": 1727121548093, "s": "BTCUSDT", "a": 3164041559, "p": "63289.99000000", "q": "0.00031000", "f": 3849594647, "l": 3849594647, "T": 1727121548092, "m": true, "M": true}
{"e": "aggTrade", "E": 1727121548610, "s": "BTCUSDT", "a": 3164041560, "p": "63290.00000000", "q": "0.00106000", "f": 3849594648, "l": 3849594648, "T": 1727121548610, "m": false, "M": true}
{"e": "aggTrade", "E": 1727121548901, "s": "BTCUSDT", "a": 3164041561, "p": "63290.00000000", "q": "0.00683000", "f": 3849594649, "l": 3849594649, "T": 1727121548901, "m": false, "M": true}
{"e": "aggTrade", "E": 1727121549046, "s": "BTCUSDT", "a": 3164041562, "p": "63290.00000000", "q": "0.00238000", "f": 3849594650, "l": 3849594650, "T": 1727121549046, "m": false, "M": true}
{"e": "aggTrade", "E": 1727121549245, "s": "BTCUSDT", "a": 3164041563, "p": "63290.00000000", "q": "0.00015000", "f": 3849594651, "l": 3849594651, "T": 1727121549244, "m": false, "M": true}
{"e": "aggTrade", "E": 1727121549345, "s": "BTCUSDT", "a": 3164041564, "p": "63290.00000000", "q": "0.00280000", "f": 3849594652, "l": 3849594652, "T": 1727121549344, "m": false, "M": true}
{"e": "aggTrade", "E": 1727121549345, "s": "BTCUSDT", "a": 3164041565, "p": "63289.99000000", "q": "0.09929000", "f": 3849594653, "l": 3849594653, "T": 1727121549345, "m": true, "M": true}
{"e": "aggTrade", "E": 1727121549416, "s": "BTCUSDT", "a": 3164041566, "p": "63290.00000000", "q": "0.12518000", "f": 3849594654, "l": 3849594665, "T": 1727121549415, "m": false, "M": true}
{"e": "aggTrade", "E": 1727121549416, "s": "BTCUSDT", "a": 3164041567, "p": "63290.03000000", "q": "0.00090000", "f": 3849594666, "l": 3849594675, "T": 1727121549415, "m": false, "M": true}
{"e": "aggTrade", "E": 1727121549416, "s": "BTCUSDT", "a": 3164041568, "p": "63290.04000000", "q": "0.00128000", "f": 3849594676, "l": 3849594676, "T": 1727121549415, "m": false, "M": true}
{"e": "aggTrade", "E": 1727121549416, "s": "BTCUSDT", "a": 3164041569, "p": "63291.95000000", "q": "0.00090000", "f": 3849594677, "l": 3849594686, "T": 1727121549415, "m": false, "M": true}
{"e": "aggTrade", "E": 1727121549424, "s": "BTCUSDT", "a": 3164041570, "p": "63292.00000000", "q": "0.00034000", "f": 3849594687, "l": 3849594687, "T": 1727121549424, "m": false, "M": true}
{"e": "aggTrade", "E": 1727121549440, "s": "BTCUSDT", "a": 3164041571, "p": "63292.00000000", "q": "0.02806000", "f": 3849594688, "l": 3849594693, "T": 1727121549440, "m": false, "M": true}
{"e": "aggTrade", "E": 1727121549442, "s": "BTCUSDT", "a": 3164041572, "p": "63292.77000000", "q": "0.00081000", "f": 3849594694, "l": 3849594702, "T": 1727121549442, "m": false, "M": true}
{"e": "aggTrade", "E": 1727121549442, "s": "BTCUSDT", "a": 3164041573, "p": "63292.77000000", "q": "0.00009000", "f": 3849594703, "l": 3849594703, "T": 1727121549442, "m": false, "M": true}
{"e": "aggTrade", "E": 1727121549452, "s": "BTCUSDT", "a": 3164041574, "p": "63292.78000000", "q": "0.00120000", "f": 3849594704, "l": 3849594704, "T": 1727121549452, "m": false, "M": true}
{"e": "aggTrade", "E": 1727121549704, "s": "BTCUSDT", "a": 3164041575, "p": "63292.78000000", "q": "0.00027000", "f": 3849594705, "l": 3849594705, "T": 1727121549704, "m": false, "M": true}
{"e": "aggTrade", "E": 1727121549753, "s": "BTCUSDT", "a": 3164041576, "p": "63292.77000000", "q": "0.07294000", "f": 3849594706, "l": 3849594708, "T": 1727121549752, "m": true, "M": true}
{"e": "aggTrade", "E": 1727121549753, "s": "BTCUSDT", "a": 3164041577, "p": "63290.36000000", "q": "0.00090000", "f": 3849594709, "l": 3849594718, "T": 1727121549752, "m": true, "M": true}
{"e": "aggTrade", "E": 1727121549753, "s": "BTCUSDT", "a": 3164041578, "p": "63290.35000000", "q": "0.24952000", "f": 3849594719, "l": 3849594719, "T": 1727121549752, "m": true, "M": true}
{"e": "aggTrade", "E": 1727121549753, "s": "BTCUSDT", "a": 3164041579, "p": "63290.30000000", "q": "0.00020000", "f": 3849594720, "l": 3849594721, "T": 1727121549752, "m": true, "M": true}
{"e": "aggTrade", "E": 1727121549753, "s": "BTCUSDT", "a": 3164041580, "p": "63290.00000000", "q": "0.00140000", "f": 3849594722, "l": 3849594733, "T": 1727121549752, "m": true, "M": true}
{"e": "aggTrade", "E": 1727121549753, "s": "BTCUSDT", "a": 3164041581, "p": "63289.99000000", "q": "0.03495000", "f": 3849594734, "l": 3849594742, "T": 1727121549752, "m": true, "M": true}
{"e": "aggTrade", "E": 1727121549753, "s": "BTCUSDT", "a": 3164041582, "p": "63289.64000000", "q": "0.00020000", "f": 3849594743, "l": 3849594744, "T": 1727121549752, "m": true, "M": true}
{"e": "aggTrade", "E": 1727121549753, "s": "BTCUSDT", "a": 3164041583, "p": "63289.63000000", "q": "0.00020000", "f": 3849594745, "l": 3849594746, "T": 1727121549752, "m": true, "M": true}
{"e": "aggTrade", "E": 1727121549753, "s": "BTCUSDT", "a": 3164041584, "p": "63289.42000000", "q": "0.00059000", "f": 3849594747, "l": 3849594749, "T": 1727121549752, "m": true, "M": true}
{"e": "aggTrade", "E": 1727121549753, "s": "BTCUSDT", "a": 3164041585, "p": "63288.76000000", "q": "0.00020000", "f": 3849594750, "l": 3849594751, "T": 1727121549752, "m": true, "M": true}
{"e": "aggTrade", "E": 1727121550616, "s": "BTCUSDT", "a": 3164041586, "p": "63288.75000000", "q": "0.05707000", "f": 3849594752, "l": 3849594760, "T": 1727121550615, "m": true, "M": true}
{"e": "aggTrade", "E": 1727121550616, "s": "BTCUSDT", "a": 3164041587, "p": "63288.71000000", "q": "0.00010000", "f": 3849594761, "l": 3849594761, "T": 1727121550615, "m": true, "M": true}
{"e": "aggTrade", "E": 1727121550616, "s": "BTCUSDT", "a": 3164041588, "p": "63288.44000000", "q": "0.00210000", "f": 3849594762, "l": 3849594781, "T": 1727121550615, "m": true, "M": true}
{"e": "aggTrade", "E": 1727121551000, "s": "BTCUSDT", "a": 3164041589, "p": "63288.43000000", "q": "0.00020000", "f": 3849594782, "l": 3849594783, "T": 1727121550999, "m": true, "M": true}
{"e": "aggTrade", "E": 1727121551000, "s": "BTCUSDT", "a": 3164041590, "p": "63286.28000000", "q": "0.00014000", "f": 3849594784, "l": 3849594785, "T": 1727121550999, "m": true, "M": true}
{"e": "aggTrade", "E": 1727121551000, "s": "BTCUSDT", "a": 3164041591, "p": "63286.28000000", "q": "0.00006000", "f": 3849594786, "l": 3849594786, "T": 1727121551000, "m": true, "M": true}
{"e": "aggTrade", "E": 1727121551000, "s": "BTCUSDT", "a": 3164041592, "p": "63286.27000000", "q": "0.00028000", "f": 3849594787, "l": 3849594787, "T": 1727121551000, "m": true, "M": true}
{"e": "aggTrade", "E": 1727121551006, "s": "BTCUSDT", "a": 3164041593, "p": "63286.27000000", "q": "0.00020000", "f": 3849594788, "l": 3849594789, "T": 1727121551005, "m": true, "M": true}
{"e": "aggTrade", "E": 1727121551006, "s": "BTCUSDT", "a": 3164041594, "p": "63285.62000000", "q": "0.00014000", "f": 3849594790, "l": 3849594791, "T": 1727121551005, "m": true, "M": true}
{"e": "aggTrade", "E": 1727121551006, "s": "BTCUSDT", "a": 3164041595, "p": "63285.62000000", "q": "0.00034000", "f": 3849594792, "l": 3849594794, "T": 1727121551005, "m": true, "M": true}
{"e": "aggTrade", "E": 1727121551006, "s": "BTCUSDT", "a": 3164041596, "p": "63285.62000000", "q": "0.00034000", "f": 3849594795, "l": 3849594797, "T": 1727121551005, "m": true, "M": true}
{"e": "aggTrade", "E": 1727121551006, "s": "BTCUSDT", "a": 3164041597, "p": "63285.62000000", "q": "0.00034000", "f": 3849594798, "l": 3849594801, "T": 1727121551005, "m": true, "M": true}
{"e": "aggTrade", "E": 1727121551006, "s": "BTCUSDT", "a": 3164041598, "p": "63285.62000000", "q": "0.00004000", "f": 3849594802, "l": 3849594802, "T": 1727121551005, "m": true, "M": true}
{"e": "aggTrade", "E": 1727121551006, "s": "BTCUSDT", "a": 3164041599, "p": "63285.61000000", "q": "0.00030000", "f": 3849594803, "l": 3849594805, "T": 1727121551005, "m": true, "M": true}
{"e": "aggTrade", "E": 1727121551006, "s": "BTCUSDT", "a": 3164041600, "p": "63285.61000000", "q": "0.00034000", "f": 3849594806, "l": 3849594809, "T": 1727121551005, "m": true, "M": true}
{"e": "aggTrade", "E": 1727121551006, "s": "BTCUSDT", "a": 3164041601, "p": "63285.61000000", "q": "0.00034000", "f": 3849594810, "l": 3849594813, "T": 1727121551005, "m": true, "M": true}
{"e": "aggTrade", "E": 1727121551006, "s": "BTCUSDT", "a": 3164041602, "p": "63285.61000000", "q": "0.00034000", "f": 3849594814, "l": 3849594817, "T": 1727121551005, "m": true, "M": true}
{"e": "aggTrade", "E": 1727121551006, "s": "BTCUSDT", "a": 3164041603, "p": "63285.61000000", "q": "0.00008000", "f": 3849594818, "l": 3849594818, "T": 1727121551005, "m": true, "M": true}
{"e": "aggTrade", "E": 1727121551006, "s": "BTCUSDT", "a": 3164041604, "p": "63285.60000000", "q": "0.00026000", "f": 3849594819, "l": 3849594819, "T": 1727121551005, "m": true, "M": true}
{"e": "aggTrade", "E": 1727121551013, "s": "BTCUSDT", "a": 3164041605, "p": "63285.60000000", "q": "0.00089000", "f": 3849594820, "l": 3849594821, "T": 1727121551012, "m": true, "M": true}
{"e": "aggTrade", "E": 1727121551013, "s": "BTCUSDT", "a": 3164041606, "p": "63285.60000000", "q": "0.00080000", "f": 3849594822, "l": 3849594822, "T": 1727121551013, "m": true, "M": true}
{"e": "aggTrade", "E": 1727121551022, "s": "BTCUSDT", "a": 3164041607, "p": "63285.60000000", "q": "0.03831000", "f": 3849594823, "l": 3849594824, "T": 1727121551021, "m": true, "M": true}
{"e": "aggTrade", "E": 1727121551022, "s": "BTCUSDT", "a": 3164041608, "p": "63285.49000000", "q": "0.00009000", "f": 3849594825, "l": 3849594825, "T": 1727121551021, "m": true, "M": true}
{"e": "aggTrade", "E": 1727121551022, "s": "BTCUSDT", "a": 3164041609, "p": "63285.48000000", "q": "0.00037000", "f": 3849594826, "l": 3849594828, "T": 1727121551021, "m": true, "M": true}
{"e": "aggTrade", "E": 1727121551022, "s": "BTCUSDT", "a": 3164041610, "p": "63283.51000000", "q": "0.00040000", "f": 3849594829, "l": 3849594829, "T": 1727121551021, "m": true, "M": true}
{"e": "aggTrade", "E": 1727121551022, "s": "BTCUSDT", "a": 3164041611, "p": "63283.10000000", "q": "0.00039000", "f": 3849594830, "l": 3849594830, "T": 1727121551021, "m": true, "M": true}
{"e": "aggTrade", "E": 1727121551022, "s": "BTCUSDT", "a": 3164041612, "p": "63282.43000000", "q": "0.00120000", "f": 3849594831, "l": 3849594840, "T": 1727121551021, "m": true, "M": true}
{"e": "aggTrade", "E": 1727121551022, "s": "BTCUSDT", "a": 3164041613, "p": "63282.42000000", "q": "0.00090000", "f": 3849594841, "l": 3849594850, "T": 1727121551021, "m": true, "M": true}
{"e": "aggTrade", "E": 1727121551624, "s": "BTCUSDT", "a": 3164041614, "p": "63282.40000000", "q": "0.00018000", "f": 3849594851, "l": 3849594851, "T": 1727121551623, "m": true, "M": true}
{"e": "aggTrade", "E": 1727121551702, "s": "BTCUSDT", "a": 3164041615, "p": "63282.41000000", "q": "0.00010000", "f": 3849594852, "l": 3849594852, "T": 1727121551701, "m": false, "M": true}
{"e": "aggTrade", "E": 1727121552465, "s": "BTCUSDT", "a": 3164041616, "p": "63282.41000000", "q": "0.00041000", "f": 3849594853, "l": 3849594853, "T": 1727121552464, "m": false, "M": true}
{"e": "aggTrade", "E": 1727121552465, "s": "BTCUSDT", "a": 3164041617, "p": "63282.41000000", "q": "0.00041000", "f": 3849594854, "l": 3849594854, "T": 1727121552465, "m": false, "M": true}
{"e": "aggTrade", "E": 1727121552468, "s": "BTCUSDT", "a": 3164041618, "p": "63282.41000000", "q": "0.00086000", "f": 3849594855, "l": 3849594855, "T": 1727121552468, "m": false, "M": true}
{"e": "aggTrade", "E": 1727121553108, "s": "BTCUSDT", "a": 3164041619, "p": "63282.40000000", "q": "0.11729000", "f": 3849594856, "l": 3849594856, "T": 1727121553108, "m": true, "M": true}
{"e": "aggTrade", "E": 1727121553803, "s": "BTCUSDT", "a": 3164041620, "p": "63282.41000000", "q": "0.03903000", "f": 3849594857, "l": 3849594857, "T": 1727121553802, "m": false, "M": true}
{"e": "aggTrade", "E": 1727121554204, "s": "BTCUSDT", "a": 3164041621, "p": "63282.41000000", "q": "0.00011000", "f": 3849594858, "l": 3849594858, "T": 1727121554204, "m": false, "M": true}
{"e": "aggTrade", "E": 1727121554631, "s": "BTCUSDT", "a": 3164041622, "p": "63282.40000000", "q": "0.00692000", "f": 3849594859, "l": 3849594864, "T": 1727121554631, "m": true, "M": true}
{"e": "aggTrade", "E": 1727121554633, "s": "BTCUSDT", "a": 3164041623, "p": "63282.40000000", "q": "0.00012000", "f": 3849594865, "l": 3849594866, "T": 1727121554632, "m": true, "M": true}
{"e": "aggTrade", "E": 1727121554633, "s": "BTCUSDT", "a": 3164041624, "p": "63282.36000000", "q": "0.00015000", "f": 3849594867, "l": 3849594867, "T": 1727121554632, "m": true, "M": true}
{"e": "aggTrade", "E": 1727121554633, "s": "BTCUSDT", "a": 3164041625, "p": "63282.01000000", "q": "0.00007000", "f": 3849594868, "l": 3849594868, "T": 1727121554632, "m": true, "M": true}
{"e": "aggTrade", "E": 1727121554633, "s": "BTCUSDT", "a": 3164041626, "p": "63282.01000000", "q": "0.00034000", "f": 3849594869, "l": 3849594872, "T": 1727121554632, "m": true, "M": true}
{"e": "aggTrade", "E": 1727121554633, "s": "BTCUSDT", "a": 3164041627, "p": "63282.01000000", "q": "0.00034000", "f": 3849594873, "l": 3849594876, "T": 1727121554632, "m": true, "M": true}
{"e": "aggTrade", "E": 1727121554633, "s": "BTCUSDT", "a": 3164041628, "p": "63282.01000000", "q": "0.00034000", "f": 3849594877, "l": 3849594880, "T": 1727121554632, "m": true, "M": true}
{"e": "aggTrade", "E": 1727121554633, "s": "BTCUSDT", "a": 3164041629, "p": "63282.01000000", "q": "0.00011000", "f": 3849594881, "l": 3849594881, "T": 1727121554632, "m": true, "M": true}
{"e": "aggTrade", "E": 1727121554633, "s": "BTCUSDT", "a": 3164041630, "p": "63282.00000000", "q": "0.00023000", "f": 3849594882, "l": 3849594882, "T": 1727121554632, "m": true, "M": true}
{"e": "aggTrade", "E": 1727121554654, "s": "BTCUSDT", "a": 3164041631, "p": "63282.00000000", "q": "0.00598000", "f": 3849594883, "l": 3849594883, "T": 1727121554653, "m": true, "M": true}
{"e": "aggTrade", "E": 1727121554655, "s": "BTCUSDT", "a": 3164041632, "p": "63282.00000000", "q": "0.01838000", "f": 3849594884, "l": 3849594884, "T": 1727121554654, "m": true, "M": true}
{"e": "aggTrade", "E": 1727121554784, "s": "BTCUSDT", "a": 3164041633, "p": "63282.01000000", "q": "0.00067000", "f": 3849594885, "l": 3849594885, "T": 1727121554783, "m": false, "M": true}
{"e": "aggTrade", "E": 1727121554956, "s": "BTCUSDT", "a": 3164041634, "p": "63282.00000000", "q": "0.02740000", "f": 3849594886, "l": 3849594888, "T": 1727121554956, "m": true, "M": true}
{"e": "aggTrade", "E": 1727121554956, "s": "BTCUSDT", "a": 3164041635, "p": "63282.00000000", "q": "0.00001000", "f": 3849594889, "l": 3849594889, "T": 1727121554956, "m": true, "M": true}
{"e": "aggTrade", "E": 1727121554957, "s": "BTCUSDT", "a": 3164041636, "p": "63280.73000000", "q": "0.00110000", "f": 3849594890, "l": 3849594901, "T": 1727121554957, "m": true, "M": true}
{"e": "aggTrade", "E": 1727121554957, "s": "BTCUSDT", "a": 3164041637, "p": "63280.72000000", "q": "0.00670000", "f": 3849594902, "l": 3849594902, "T": 1727121554957, "m": true, "M": true}
{"e": "aggTrade", "E": 1727121554958, "s": "BTCUSDT", "a": 3164041638, "p": "63280.72000000", "q": "0.05319000", "f": 3849594903, "l": 3849594905, "T": 1727121554957, "m": true, "M": true}
{"e": "aggTrade", "E": 1727121554958, "s": "BTCUSDT", "a": 3164041639, "p": "63280.01000000", "q": "0.00230000", "f": 3849594906, "l": 3849594927, "T": 1727121554957, "m": true, "M": true}
{"e": "aggTrade", "E": 1727121554958, "s": "BTCUSDT", "a": 3164041640, "p": "63280.00000000", "q": "0.10423000", "f": 3849594928, "l": 3849594933, "T": 1727121554957, "m": true, "M": true}
{"e": "aggTrade", "E": 1727121554958, "s": "BTCUSDT", "a": 3164041641, "p": "63280.00000000", "q": "0.00298000", "f": 3849594934, "l": 3849594935, "T": 1727121554957, "m": true, "M": true}
{"e": "aggTrade", "E": 1727121554958, "s": "BTCUSDT", "a": 3164041642, "p": "63279.93000000", "q": "0.00039000", "f": 3849594936, "l": 3849594936, "T": 1727121554957, "m": true, "M": true}
{"e": "aggTrade", "E": 1727121554959, "s": "BTCUSDT", "a": 3164041643, "p": "63278.55000000", "q": "0.00360000", "f": 3849594937, "l": 3849594966, "T": 1727121554957, "m": true, "M": true}
{"e": "aggTrade", "E": 1727121554959, "s": "BTCUSDT", "a": 3164041644, "p": "63278.54000000", "q": "0.04947000", "f": 3849594967, "l": 3849594967, "T": 1727121554957, "m": true, "M": true}
{"e": "aggTrade", "E": 1727121554959, "s": "BTCUSDT", "a": 3164041645, "p": "63278.54000000", "q": "0.19550000", "f": 3849594968, "l": 3849594969, "T": 1727121554957, "m": true, "M": true}
{"e": "aggTrade", "E": 1727121554959, "s": "BTCUSDT", "a": 3164041646, "p": "63278.54000000", "q": "0.00503000", "f": 3849594970, "l": 3849594970, "T": 1727121554958, "m": true, "M": true}
{"e": "aggTrade", "E": 1727121554959, "s": "BTCUSDT", "a": 3164041647, "p": "63278.00000000", "q": "0.02820000", "f": 3849594971, "l": 3849594975, "T": 1727121554958, "m": true, "M": true}
{"e": "aggTrade", "E": 1727121554960, "s": "BTCUSDT", "a": 3164041648, "p": "63276.03000000", "q": "0.00036000", "f": 3849594976, "l": 3849594979, "T": 1727121554959, "m": true, "M": true}
{"e": "aggTrade", "E": 1727121554960, "s": "BTCUSDT", "a": 3164041649, "p": "63276.01000000", "q": "0.00120000", "f": 3849594980, "l": 3849594989, "T": 1727121554959, "m": true, "M": true}
{"e": "aggTrade", "E": 1727121554960, "s": "BTCUSDT", "a": 3164041650, "p": "63276.00000000", "q": "0.02820000", "f": 3849594990, "l": 3849594994, "T": 1727121554959, "m": true, "M": true}
{"e": "aggTrade", "E": 1727121554960, "s": "BTCUSDT", "a": 3164041651, "p": "63275.90000000", "q": "0.00100000", "f": 3849594995, "l": 3849594995, "T": 1727121554959, "m": true, "M": true}
{"e": "aggTrade", "E": 1727121554969, "s": "BTCUSDT", "a": 3164041652, "p": "63274.68000000", "q": "0.00017000", "f": 3849594996, "l": 3849594996, "T": 1727121554967, "m": true, "M": true}
{"e": "aggTrade", "E": 1727121554981, "s": "BTCUSDT", "a": 3164041653, "p": "63274.01000000", "q": "0.00034000", "f": 3849594997, "l": 3849594999, "T": 1727121554981, "m": true, "M": true}
{"e": "aggTrade", "E": 1727121554981, "s": "BTCUSDT", "a": 3164041654, "p": "63274.01000000", "q": "0.00034000", "f": 3849595000, "l": 3849595003, "T": 1727121554981, "m": true, "M": true}
{"e": "aggTrade", "E": 1727121554981, "s": "BTCUSDT", "a": 3164041655, "p": "63274.01000000", "q": "0.00034000", "f": 3849595004, "l": 3849595007, "T": 1727121554981, "m": true, "M": true}
{"e": "aggTrade", "E": 1727121554981, "s": "BTCUSDT", "a": 3164041656, "p": "63274.01000000", "q": "0.00018000", "f": 3849595008, "l": 3849595009, "T": 1727121554981, "m": true, "M": true}
{"e": "aggTrade", "E": 1727121554981, "s": "BTCUSDT", "a": 3164041657, "p": "63274.00000000", "q": "0.00016000", "f": 3849595010, "l": 3849595010, "T": 1727121554981, "m": true, "M": true}
{"e": "aggTrade", "E": 1727121555261, "s": "BTCUSDT", "a": 3164041658, "p": "63274.00000000", "q": "0.06880000", "f": 3849595011, "l": 3849595023, "T": 1727121555260, "m": true, "M": true}
{"e": "aggTrade", "E": 1727121555261, "s": "BTCUSDT", "a": 3164041659, "p": "63273.99000000", "q": "0.00110000", "f": 3849595024, "l": 3849595035, "T": 1727121555260, "m": true, "M": true}
{"e": "aggTrade", "E": 1727121555261, "s": "BTCUSDT", "a": 3164041660, "p": "63273.98000000", "q": "0.01600000", "f": 3849595036, "l": 3849595038, "T": 1727121555260, "m": true, "M": true}
{"e": "aggTrade", "E": 1727121555261, "s": "BTCUSDT", "a": 3164041661, "p": "63272.15000000", "q": "0.00059000", "f": 3849595039, "l": 3849595041, "T": 1727121555260, "m": true, "M": true}
{"e": "aggTrade", "E": 1727121555261, "s": "BTCUSDT", "a": 3164041662, "p": "63272.01000000", "q": "0.00230000", "f": 3849595042, "l": 3849595063, "T": 1727121555260, "m": true, "M": true}
{"e": "aggTrade", "E": 1727121555261, "s": "BTCUSDT", "a": 3164041663, "p": "63272.00000000", "q": "0.02840000", "f": 3849595064, "l": 3849595069, "T": 1727121555260, "m": true, "M": true}
{"e": "aggTrade", "E": 1727121555261, "s": "BTCUSDT", "a": 3164041664, "p": "63271.47000000", "q": "0.00450000", "f": 3849595070, "l": 3849595109, "T": 1727121555260, "m": true, "M": true}
{"e": "aggTrade", "E": 1727121555383, "s": "BTCUSDT", "a": 3164041665, "p": "63271.46000000", "q": "0.00027000", "f": 3849595110, "l": 3849595110, "T": 1727121555383, "m": false, "M": true}
{"e": "aggTrade", "E": 1727121555567, "s": "BTCUSDT", "a": 3164041666, "p": "63271.45000000", "q": "0.00036000", "f": 3849595111, "l": 3849595111, "T": 1727121555566, "m": true, "M": true}
{"e": "aggTrade", "E": 1727121556554, "s": "BTCUSDT", "a": 3164041667, "p": "63271.45000000", "q": "0.00284000", "f": 3849595112, "l": 3849595112, "T": 1727121556554, "m": true, "M": true}
{"e": "aggTrade", "E": 1727121556570, "s": "BTCUSDT", "a": 3164041668, "p": "63271.45000000", "q": "0.00641000", "f": 3849595113, "l": 3849595113, "T": 1727121556569, "m": true, "M": true}
{"e": "aggTrade", "E": 1727121556582, "s": "BTCUSDT", "a": 3164041669, "p": "63271.46000000", "q": "0.00023000", "f": 3849595114, "l": 3849595114, "T": 1727121556582, "m": false, "M": true}
{"e": "aggTrade", "E": 1727121556772, "s": "BTCUSDT", "a": 3164041670, "p": "63271.45000000", "q": "0.00010000", "f": 3849595115, "l": 3849595115, "T": 1727121556771, "m": true, "M": true}
{"e": "aggTrade", "E": 1727121557665, "s": "BTCUSDT", "a": 3164041671, "p": "63271.46000000", "q": "1.49500000", "f": 3849595116, "l": 3849595121, "T": 1727121557665, "m": false, "M": true}
{"e": "aggTrade", "E": 1727121557832, "s": "BTCUSDT", "a": 3164041672, "p": "63271.46000000", "q": "0.00034000", "f": 3849595122, "l": 3849595123, "T": 1727121557831, "m": false, "M": true}
{"e": "aggTrade", "E": 1727121557832, "s": "BTCUSDT", "a": 3164041673, "p": "63271.46000000", "q": "0.00034000", "f": 3849595124, "l": 3849595124, "T": 1727121557831, "m": false, "M": true}
{"e": "aggTrade", "E": 1727121557832, "s": "BTCUSDT", "a": 3164041674, "p": "63271.46000000", "q": "0.00034000", "f": 3849595125, "l": 3849595125, "T": 1727121557831, "m": false, "M": true}
{"e": "aggTrade", "E": 1727121557832, "s": "BTCUSDT", "a": 3164041675, "p": "63271.46000000", "q": "0.00034000", "f": 3849595126, "l": 3849595127, "T": 1727121557831, "m": false, "M": true}
{"e": "aggTrade", "E": 1727121557832, "s": "BTCUSDT", "a": 3164041676, "p": "63271.46000000", "q": "0.00004000", "f": 3849595128, "l": 3849595128, "T": 1727121557831, "m": false, "M": true}
{"e": "aggTrade", "E": 1727121557832, "s": "BTCUSDT", "a": 3164041677, "p": "63273.59000000", "q": "0.00030000", "f": 3849595129, "l": 3849595129, "T": 1727121557831, "m": false, "M": true}
{"e": "aggTrade", "E": 1727121557832, "s": "BTCUSDT", "a": 3164041678, "p": "63273.59000000", "q": "0.00009000", "f": 3849595130, "l": 3849595130, "T": 1727121557831, "m": false, "M": true}
{"e": "aggTrade", "E": 1727121557832, "s": "BTCUSDT", "a": 3164041679, "p": "63273.65000000", "q": "0.00008000", "f": 3849595131, "l": 3849595131, "T": 1727121557831, "m": false, "M": true}
{"e": "aggTrade", "E": 1727121557832, "s": "BTCUSDT", "a": 3164041680, "p": "63274.00000000", "q": "0.00017000", "f": 3849595132, "l": 3849595132, "T": 1727121557831, "m": false, "M": true}
{"e": "aggTrade", "E": 1727121558014, "s": "BTCUSDT", "a": 3164041681, "p": "63274.01000000", "q": "0.00034000", "f": 3849595133, "l": 3849595134, "T": 1727121558012, "m": false, "M": true}
{"e": "aggTrade", "E": 1727121558029, "s": "BTCUSDT", "a": 3164041682, "p": "63274.01000000", "q": "0.01301000", "f": 3849595135, "l": 3849595138, "T": 1727121558029, "m": false, "M": true}
{"e": "aggTrade", "E": 1727121558031, "s": "BTCUSDT", "a": 3164041683, "p": "63274.68000000", "q": "0.00017000", "f": 3849595139, "l": 3849595139, "T": 1727121558031, "m": false, "M": true}
{"e": "aggTrade", "E": 1727121558031, "s": "BTCUSDT", "a": 3164041684, "p": "63275.70000000", "q": "0.00099000", "f": 3849595140, "l": 3849595150, "T": 1727121558031, "m": false, "M": true}
{"e": "aggTrade", "E": 1727121558043, "s": "BTCUSDT", "a": 3164041685, "p": "63276.84000000", "q": "0.00008000", "f": 3849595151, "l": 3849595151, "T": 1727121558042, "m": false, "M": true}
{"e": "aggTrade", "E": 1727121558043, "s": "BTCUSDT", "a": 3164041686, "p": "63277.14000000", "q": "0.00056000", "f": 3849595152, "l": 3849595158, "T": 1727121558042, "m": false, "M": true}
{"e": "aggTrade", "E": 1727121558043, "s": "BTCUSDT", "a": 3164041687, "p": "63277.14000000", "q": "0.00034000", "f": 3849595159, "l": 3849595162, "T": 1727121558043, "m": false, "M": true}
{"e": "aggTrade", "E": 1727121558071, "s": "BTCUSDT", "a": 3164041688, "p": "63277.15000000", "q": "0.38790000", "f": 3849595163, "l": 3849595164, "T": 1727121558071, "m": false, "M": true}
{"e": "aggTrade", "E": 1727121558074, "s": "BTCUSDT", "a": 3164041689, "p": "63277.99000000", "q": "0.00081000", "f": 3849595165, "l": 3849595173, "T": 1727121558073, "m": false, "M": true}
{"e": "aggTrade", "E": 1727121558074, "s": "BTCUSDT", "a": 3164041690, "p": "63277.99000000", "q": "0.00018000", "f": 3849595174, "l": 3849595175, "T": 1727121558073, "m": false, "M": true}
{"e": "aggTrade", "E": 1727121558151, "s": "BTCUSDT", "a": 3164041691, "p": "63278.00000000", "q": "0.01000000", "f": 3849595176, "l": 3849595176, "T": 1727121558150, "m": false, "M": true}
{"e": "aggTrade", "E": 1727121558151, "s": "BTCUSDT", "a": 3164041692, "p": "63279.99000000", "q": "0.00090000", "f": 3849595177, "l": 3849595186, "T": 1727121558150, "m": false, "M": true}
{"e": "aggTrade", "E": 1727121558151, "s": "BTCUSDT", "a": 3164041693, "p": "63280.00000000", "q": "0.08305000", "f": 3849595187, "l": 3849595189, "T": 1727121558150, "m": false, "M": true}
{"e": "aggTrade", "E": 1727121558151, "s": "BTCUSDT", "a": 3164041694, "p": "63281.01000000", "q": "0.00017000", "f": 3849595190, "l": 3849595190, "T": 1727121558150, "m": false, "M": true}
{"e": "aggTrade", "E": 1727121558151, "s": "BTCUSDT", "a": 3164041695, "p": "63281.34000000", "q": "0.00090000", "f": 3849595191, "l": 3849595200, "T": 1727121558150, "m": false, "M": true}
