{"e": "depthUpdate", "E": 1727121522314, "s": "BTCUSDT", "U": 52040005357, "u": 52040005363, "b": [["63248.83000000", "0.01581000"], ["63247.22000000", "0.00000000"], ["63240.63000000", "0.04003000"], ["63240.62000000", "0.00000000"], ["63237.38000000", "1.22993000"]], "a": [["63262.38000000", "0.00000000"], ["63267.12000000", "0.11125000"], ["63544.18000000", "0.01581000"], ["63544.53000000", "0.00000000"]]}
{"e": "depthUpdate", "E": 1727121522414, "s": "BTCUSDT", "U": 52040005364, "u": 52040005390, "b": [["63261.15000000", "2.44904000"], ["63259.15000000", "0.03850000"], ["63255.09000000", "0.00000000"], ["63252.90000000", "0.00000000"], ["63250.06000000", "1.10868000"], ["63250.02000000", "0.23757000"], ["63240.64000000", "0.04010000"], ["63240.63000000", "0.00000000"], ["63236.99000000", "0.00000000"], ["63161.15000000", "0.01000000"], ["56934.00000000", "0.00040000"], ["56933.00000000", "0.00000000"], ["33000.00000000", "8.04066000"]], "a": [["63261.16000000", "1.81546000"], ["63286.14000000", "0.04007000"], ["63286.26000000", "0.00000000"], ["63360.00000000", "0.15466000"]]}
{"e": "depthUpdate", "E": 1727121522514, "s": "BTCUSDT", "U": 52040005391, "u": 52040005409, "b": [["63259.99000000", "0.09532000"], ["63250.61000000", "0.66522000"], ["63250.06000000", "0.00000000"], ["63250.05000000", "0.00000000"], ["63248.16000000", "0.11125000"], ["63246.57000000", "1.10868000"], ["63240.64000000", "0.00000000"], ["63189.59000000", "0.00000000"]], "a": [["63261.16000000", "2.44194000"], ["63267.77000000", "0.00000000"], ["63272.00000000", "0.02840000"], ["63286.10000000", "0.04014000"], ["63286.14000000", "0.00000000"], ["63290.14000000", "0.23488000"], ["63290.34000000", "0.00000000"]]}
{"e": "depthUpdate", "E": 1727121522614, "s": "BTCUSDT", "U": 52040005410, "u": 52040005431, "b": [["63261.15000000", "2.44920000"], ["63250.61000000", "0.28417000"], ["63249.84000000", "0.00014000"], ["63249.44000000", "0.00000000"], ["63249.41000000", "0.00000000"], ["63248.16000000", "0.00000000"], ["63245.49000000", "0.00000000"], ["63239.18000000", "0.00000000"], ["63239.01000000", "0.00017000"], ["63238.18000000", "0.04008000"], ["63237.39000000", "0.73799000"]], "a": [["63261.16000000", "2.44208000"], ["63262.38000000", "0.22250000"], ["63267.17000000", "0.25341000"], ["63289.70000000", "0.06337000"], ["63299.79000000", "0.00000000"], ["63343.98000000", "0.38322000"], ["64448.30000000", "0.00000000"]]}
{"e": "depthUpdate", "E": 1727121522714, "s": "BTCUSDT", "U": 52040005432, "u": 52040005452, "b": [["63261.15000000", "2.07907000"], ["63259.99000000", "0.09506000"], ["63259.95000000", "0.00000000"], ["63253.87000000", "0.05967000"], ["63242.01000000", "0.00000000"], ["63238.49000000", "0.03994000"], ["63238.19000000", "0.39517000"], ["63238.18000000", "0.00000000"], ["63236.56000000", "0.00000000"], ["63230.44000000", "0.39475000"], ["63229.32000000", "0.05199000"], ["63220.95000000", "0.39475000"], ["63207.71000000", "0.39475000"], ["63197.29000000", "0.39475000"]], "a": [["63261.16000000", "2.90287000"], ["63269.34000000", "0.23757000"], ["63285.55000000", "0.04020000"], ["63286.10000000", "0.00000000"], ["63287.94000000", "0.23488000"], ["63288.40000000", "0.00037000"], ["63290.14000000", "0.00000000"], ["63293.67000000", "0.01317000"]]}
{"e": "depthUpdate", "E": 1727121522814, "s": "BTCUSDT", "U": 52040005453, "u": 52040005514, "b": [["63261.15000000", "0.83726000"], ["63261.11000000", "0.00009000"], ["63259.53000000", "0.00000000"], ["63259.40000000", "0.00000000"], ["63258.88000000", "0.00000000"], ["63256.48000000", "0.00000000"], ["63255.41000000", "0.00000000"], ["63254.77000000", "0.13838000"], ["63254.38000000", "0.04000000"], ["63253.87000000", "0.00032000"], ["63253.58000000", "0.24000000"], ["63250.90000000", "0.00000000"], ["63250.02000000", "0.00000000"], ["63248.16000000", "0.11125000"], ["63244.28000000", "0.00159000"], ["63235.29000000", "0.00249000"], ["63234.30000000", "0.00000000"], ["63230.95000000", "0.00000000"], ["63228.55000000", "0.00000000"], ["63227.82000000", "0.04975000"], ["63066.91000000", "0.00000000"], ["13666.00000000", "0.03058000"]], "a": [["63261.16000000", "2.90445000"], ["63261.41000000", "0.14006000"], ["63261.98000000", "0.01274000"], ["63262.38000000", "0.11125000"], ["63263.86000000", "0.08983000"], ["63265.17000000", "0.00000000"], ["63268.37000000", "0.00000000"], ["63270.30000000", "0.00000000"], ["63272.22000000", "0.05690000"], ["63273.93000000", "0.00000000"], ["63275.82000000", "0.39518000"], ["63276.83000000", "0.00000000"], ["63277.86000000", "0.00000000"], ["63280.74000000", "0.00000000"], ["63281.99000000", "0.00000000"], ["63289.16000000", "0.06114000"], ["63304.27000000", "0.00000000"]]}
{"e": "depthUpdate", "E": 1727121522914, "s": "BTCUSDT", "U": 52040005515, "u": 52040005602, "b": [["63261.15000000", "0.73592000"], ["63260.12000000", "0.00000000"], ["63259.28000000", "0.00000000"], ["63257.33000000", "0.00000000"], ["63256.52000000", "0.00000000"], ["63255.44000000", "0.17218000"], ["63255.42000000", "0.00000000"], ["63254.38000000", "0.00000000"], ["63254.01000000", "0.00000000"], ["63253.67000000", "0.00040000"], ["63253.58000000", "0.12000000"], ["63252.92000000", "0.06094000"], ["63252.80000000", "0.07838000"], ["63252.32000000", "0.00040000"], ["63252.23000000", "0.00000000"], ["63252.18000000", "0.16000000"], ["63248.24000000", "0.00000000"], ["63248.16000000", "0.00000000"], ["63246.57000000", "0.00000000"], ["63245.81000000", "0.00000000"], ["63245.59000000", "0.05690000"], ["63243.91000000", "1.21258000"], ["63238.49000000", "0.00000000"], ["63238.19000000", "0.00000000"], ["63234.50000000", "0.39520000"], ["63233.93000000", "0.00000000"], ["63224.22000000", "0.72567000"], ["63221.46000000", "0.00000000"], ["63217.59000000", "0.00037000"], ["63194.90000000", "0.19448000"], ["63035.80000000", "0.00000000"], ["63033.40000000", "0.09999000"], ["56935.00000000", "0.00000000"]], "a": [["63261.16000000", "3.49420000"], ["63262.38000000", "0.00000000"], ["63264.42000000", "0.00000000"], ["63264.99000000", "0.06095000"], ["63265.12000000", "0.18148000"], ["63265.73000000", "0.00000000"], ["63266.50000000", "0.01156000"], ["63266.88000000", "0.04670000"], ["63267.00000000", "0.00062000"], ["63267.11000000", "0.00000000"], ["63267.12000000", "0.00000000"], ["63267.50000000", "0.00063000"], ["63268.26000000", "0.26871000"], ["63269.33000000", "0.16800000"], ["63270.23000000", "0.26871000"], ["63270.29000000", "0.00000000"], ["63270.50000000", "0.00063000"], ["63271.00000000", "0.00062000"], ["63271.86000000", "0.10890000"], ["63272.24000000", "0.00000000"], ["63272.37000000", "0.00000000"], ["63273.92000000", "0.03150000"], ["63273.93000000", "1.10868000"], ["63274.58000000", "0.03951000"], ["63284.00000000", "0.03008000"], ["63285.02000000", "0.04025000"], ["63285.31000000", "0.00000000"], ["63285.55000000", "0.00000000"], ["63286.00000000", "0.04329000"], ["63288.82000000", "0.07903000"], ["63290.60000000", "0.00000000"], ["63293.25000000", "0.11971000"], ["63333.57000000", "0.00000000"]]}
{"e": "depthUpdate", "E": 1727121523014, "s": "BTCUSDT", "U": 52040005603, "u": 52040005708, "b": [["63261.15000000", "0.73434000"], ["63261.11000000", "0.00000000"], ["63261.10000000", "0.00000000"], ["63261.09000000", "0.00000000"], ["63261.01000000", "0.00009000"], ["63260.12000000", "0.00009000"], ["63260.11000000", "0.03980000"], ["63260.00000000", "0.00021000"], ["63259.99000000", "0.04096000"], ["63259.84000000", "0.00009000"], ["63259.83000000", "0.31614000"], ["63259.64000000", "0.00000000"], ["63259.52000000", "0.00377000"], ["63259.28000000", "0.06850000"], ["63258.75000000", "0.04015000"], ["63257.32000000", "0.00000000"], ["63255.45000000", "0.10335000"], ["63255.44000000", "0.00000000"], ["63255.43000000", "0.05064000"], ["63254.77000000", "0.00000000"], ["63253.43000000", "0.00040000"], ["63253.15000000", "0.25341000"], ["63252.92000000", "0.00000000"], ["63252.79000000", "0.00000000"], ["63252.36000000", "0.00040000"], ["63249.66000000", "0.13838000"], ["63248.16000000", "0.00000000"], ["63248.01000000", "0.23757000"], ["63247.91000000", "0.00000000"], ["63246.56000000", "0.00000000"], ["63246.03000000", "0.18756000"], ["63243.29000000", "0.00000000"], ["63242.77000000", "0.00000000"], ["63240.09000000", "0.47515000"], ["63240.08000000", "0.00000000"], ["63239.47000000", "0.07844000"], ["63236.10000000", "0.04025000"], ["63234.50000000", "0.00000000"], ["63231.34000000", "0.39522000"], ["63229.32000000", "0.00000000"], ["63219.29000000", "0.05199000"], ["63145.50000000", "0.31671000"]], "a": [["63261.16000000", "3.63426000"], ["63261.17000000", "0.00607000"], ["63261.32000000", "0.04670000"], ["63261.41000000", "0.00000000"], ["63261.59000000", "0.04670000"], ["63262.30000000", "0.04670000"], ["63264.08000000", "0.00008000"], ["63264.70000000", "0.04670000"], ["63265.12000000", "0.30119000"], ["63266.48000000", "0.05690000"], ["63267.76000000", "0.00038000"], ["63268.64000000", "0.00156000"], ["63269.32000000", "0.00000000"], ["63270.22000000", "0.16128000"], ["63271.85000000", "0.39521000"], ["63271.86000000", "0.00000000"], ["63272.22000000", "0.00000000"], ["63272.43000000", "0.00000000"], ["63273.91000000", "0.66527000"], ["63273.92000000", "0.00000000"], ["63273.94000000", "0.00000000"], ["63275.32000000", "0.00000000"], ["63275.82000000", "0.00000000"], ["63277.04000000", "0.06337000"], ["63277.77000000", "0.11971000"], ["63280.50000000", "0.00168000"], ["63280.72000000", "0.08149000"], ["63284.00000000", "0.02840000"], ["63284.17000000", "0.03987000"], ["63285.02000000", "0.00000000"], ["63285.19000000", "0.00000000"], ["63286.30000000", "0.00000000"], ["63287.65000000", "0.02713000"], ["63287.94000000", "0.00000000"], ["63289.70000000", "0.00000000"], ["63293.52000000", "0.00000000"], ["63295.48000000", "0.00000000"], ["63303.17000000", "0.19237000"], ["63329.19000000", "0.16970000"], ["63351.14000000", "0.00000000"]]}
{"e": "depthUpdate", "E": 1727121523114, "s": "BTCUSDT", "U": 52040005709, "u": 52040005740, "b": [["63261.15000000", "0.58848000"], ["63259.84000000", "0.00000000"], ["63259.83000000", "0.00000000"], ["63259.28000000", "0.00000000"], ["63258.76000000", "0.02439000"], ["63255.45000000", "0.05316000"], ["63253.16000000", "0.15210000"], ["63252.80000000", "0.00000000"], ["63252.36000000", "0.00000000"], ["63246.04000000", "0.11259000"], ["63161.15000000", "0.00000000"], ["63156.88000000", "0.11514000"], ["63138.08000000", "0.00000000"], ["63033.40000000", "0.00000000"], ["63031.30000000", "0.24502000"]], "a": [["63261.16000000", "3.85676000"], ["63261.32000000", "0.00000000"], ["63265.12000000", "0.18148000"], ["63267.76000000", "0.00000000"], ["63277.04000000", "0.00000000"], ["63281.10000000", "0.00117000"], ["63283.84000000", "0.04005000"], ["63284.17000000", "0.00000000"], ["63285.93000000", "0.06337000"], ["63312.27000000", "0.00000000"], ["63331.12000000", "0.10670000"], ["63361.16000000", "0.01000000"]]}
{"e": "depthUpdate", "E": 1727121523214, "s": "BTCUSDT", "U": 52040005741, "u": 52040005765, "b": [["63261.15000000", "0.73589000"], ["63259.99000000", "0.03980000"], ["63258.76000000", "0.00000000"], ["63257.28000000", "0.15062000"], ["63255.45000000", "0.00000000"], ["63255.43000000", "0.00000000"], ["63253.16000000", "0.09602000"], ["63249.74000000", "0.01697000"], ["63249.41000000", "0.39475000"], ["63248.32000000", "0.03376000"], ["63237.38000000", "0.00000000"], ["63197.29000000", "0.00000000"], ["56935.00000000", "0.00050000"]], "a": [["63261.16000000", "3.85566000"], ["63268.37000000", "0.39475000"], ["63270.30000000", "0.39475000"], ["63273.90000000", "0.03150000"], ["63280.74000000", "0.39475000"], ["63283.79000000", "0.03974000"], ["63283.84000000", "0.00000000"]]}
{"e": "depthUpdate", "E": 1727121523314, "s": "BTCUSDT", "U": 52040005766, "u": 52040005811, "b": [["63261.15000000", "0.58925000"], ["63260.85000000", "0.00009000"], ["63260.84000000", "0.31613000"], ["63260.12000000", "0.00000000"], ["63260.00000000", "0.00012000"], ["63258.76000000", "0.00000000"], ["63257.28000000", "0.15068000"], ["63254.26000000", "0.00000000"], ["63253.94000000", "0.00040000"], ["63253.16000000", "0.09602000"], ["63251.75000000", "0.00000000"], ["63251.74000000", "0.00000000"], ["63249.41000000", "0.00000000"], ["63237.39000000", "0.00000000"], ["63230.55000000", "0.18490000"], ["63194.90000000", "0.00000000"], ["63039.32000000", "0.08781000"], ["60160.13000000", "0.94209000"], ["56935.00000000", "0.00000000"], ["56934.00000000", "0.00040000"]], "a": [["63267.12000000", "0.11125000"], ["63267.16000000", "0.23691000"], ["63268.37000000", "0.00000000"], ["63269.33000000", "0.00000000"], ["63270.30000000", "0.00000000"], ["63280.74000000", "0.00000000"], ["63341.76000000", "4.19369000"], ["63346.39000000", "0.00000000"]]}
{"e": "depthUpdate", "E": 1727121523414, "s": "BTCUSDT", "U": 52040005812, "u": 52040005832, "b": [["63261.15000000", "0.58917000"], ["63238.01000000", "0.39519000"], ["63237.45000000", "0.03974000"], ["63236.10000000", "0.00000000"], ["63231.34000000", "0.00000000"], ["63230.39000000", "1.17837000"], ["56935.00000000", "0.00000000"], ["33000.00000000", "8.04066000"]], "a": [["63261.16000000", "3.80746000"], ["63261.59000000", "0.00000000"], ["63264.00000000", "0.01800000"], ["63267.16000000", "0.00000000"], ["63269.33000000", "0.16808000"], ["63269.46000000", "0.24797000"], ["63271.85000000", "0.00000000"], ["63274.84000000", "0.39519000"], ["63283.74000000", "0.03965000"], ["63283.79000000", "0.00000000"], ["63346.38000000", "0.00000000"], ["63361.16000000", "0.02000000"]]}
{"e": "depthUpdate", "E": 1727121523514, "s": "BTCUSDT", "U": 52040005833, "u": 52040005842, "b": [["63261.15000000", "0.58901000"], ["63248.16000000", "0.11125000"], ["63237.46000000", "0.04014000"], ["63237.45000000", "0.00000000"], ["63230.01000000", "0.00000000"], ["63228.60000000", "0.23565000"], ["62500.53000000", "0.00055000"], ["58203.69000000", "0.00018000"]], "a": [["63267.66000000", "0.00100000"], ["63287.00000000", "0.00910000"]]}
{"e": "depthUpdate", "E": 1727121523614, "s": "BTCUSDT", "U": 52040005843, "u": 52040005859, "b": [["63257.29000000", "0.15067000"], ["63257.28000000", "0.00000000"], ["63253.15000000", "0.00000000"], ["63252.90000000", "0.11125000"], ["63243.41000000", "0.11125000"], ["63237.46000000", "0.00000000"], ["63230.56000000", "0.70702000"], ["63075.02000000", "0.02475000"]], "a": [["63261.16000000", "3.80644000"], ["63283.60000000", "0.04029000"], ["63283.74000000", "0.00000000"], ["63339.79000000", "0.00000000"], ["63341.75000000", "2.51622000"], ["63765.93000000", "0.00046000"]]}
{"e": "depthUpdate", "E": 1727121523714, "s": "BTCUSDT", "U": 52040005860, "u": 52040005874, "b": [["63251.29000000", "0.25341000"], ["63249.41000000", "0.39475000"], ["63235.43000000", "0.03970000"], ["63228.60000000", "0.00011000"], ["63207.71000000", "0.00000000"], ["42000.00000000", "56.60757000"], ["22774.02000000", "0.00027000"]], "a": [["63266.59000000", "0.01489000"], ["63268.37000000", "0.39475000"], ["63270.30000000", "0.39475000"], ["63280.74000000", "0.39475000"], ["63283.37000000", "0.03991000"], ["63283.60000000", "0.00000000"], ["63286.00000000", "0.02840000"], ["63353.26000000", "0.02475000"]]}
{"e": "depthUpdate", "E": 1727121523814, "s": "BTCUSDT", "U": 52040005875, "u": 52040005886, "b": [["63261.15000000", "0.59140000"], ["63253.16000000", "0.00000000"], ["63252.20000000", "0.11087000"], ["63252.19000000", "0.15211000"], ["63227.40000000", "0.23554000"]], "a": [["63261.16000000", "3.69519000"], ["63262.38000000", "0.11125000"], ["63268.25000000", "0.23692000"], ["63269.33000000", "0.00000000"], ["63283.21000000", "0.03992000"], ["63283.37000000", "0.00000000"]]}
{"e": "depthUpdate", "E": 1727121523914, "s": "BTCUSDT", "U": 52040005887, "u": 52040005896, "b": [["63236.11000000", "0.03981000"], ["63235.43000000", "0.00000000"], ["63227.40000000", "0.00000000"], ["62500.00000000", "110.50502000"]], "a": [["63261.16000000", "3.71712000"], ["63261.18000000", "0.02193000"], ["63261.20000000", "0.02192000"], ["63262.30000000", "0.00000000"], ["63282.96000000", "0.03963000"], ["63283.21000000", "0.00000000"]]}
{"e": "depthUpdate", "E": 1727121524014, "s": "BTCUSDT", "U": 52040005897, "u": 52040005906, "b": [["63261.15000000", "0.34480000"], ["63261.11000000", "0.00016000"], ["63238.67000000", "0.11125000"], ["63236.13000000", "0.04007000"], ["63236.11000000", "0.00000000"], ["63230.00000000", "0.29577000"]], "a": [["63282.80000000", "0.04017000"], ["63282.96000000", "0.00000000"]]}
{"e": "depthUpdate", "E": 1727121524114, "s": "BTCUSDT", "U": 52040005907, "u": 52040005923, "b": [["63261.15000000", "0.59140000"], ["63248.16000000", "0.22250000"], ["63238.01000000", "0.00000000"], ["63236.16000000", "0.04015000"], ["63236.13000000", "0.00000000"], ["63235.16000000", "0.39520000"], ["63233.93000000", "0.11125000"], ["63230.00000000", "0.06023000"], ["63060.48000000", "0.07763000"], ["58203.69000000", "0.00000000"]], "a": [["63266.59000000", "0.00000000"], ["63282.65000000", "0.03964000"], ["63282.80000000", "0.00000000"], ["63283.96000000", "0.01489000"], ["63353.26000000", "0.00000000"], ["63363.67000000", "0.07072000"], ["64441.86000000", "0.07762000"], ["64570.66000000", "0.07762000"]]}
{"e": "depthUpdate", "E": 1727121524215, "s": "BTCUSDT", "U": 52040005924, "u": 52040005946, "b": [["63252.90000000", "0.00000000"], ["63248.16000000", "0.00000000"], ["63247.34000000", "0.00000000"], ["63244.47000000", "0.00476000"], ["63243.41000000", "0.00000000"], ["63239.92000000", "0.39475000"], ["63239.01000000", "0.39492000"], ["63236.17000000", "0.04014000"], ["63236.16000000", "0.00000000"], ["63207.71000000", "0.39475000"], ["62696.71000000", "0.00055000"], ["42000.00000000", "56.60657000"]], "a": [["63268.38000000", "0.11064000"], ["63268.48000000", "0.00000000"], ["63268.49000000", "0.00000000"], ["63270.06000000", "0.03951000"], ["63277.86000000", "0.39475000"], ["63279.56000000", "0.07903000"]]}
{"e": "depthUpdate", "E": 1727121524314, "s": "BTCUSDT", "U": 52040005947, "u": 52040005980, "b": [["63248.16000000", "0.11125000"], ["63236.18000000", "0.04007000"], ["63236.17000000", "0.00000000"], ["63225.80000000", "0.00043000"], ["63201.70000000", "0.00000000"], ["63200.00000000", "2.88323000"], ["63166.80000000", "0.00000000"], ["63159.60000000", "0.04597000"], ["63128.00000000", "0.02961000"], ["63104.40000000", "0.00000000"], ["63048.90000000", "0.00000000"], ["63046.50000000", "0.00000000"], ["63022.30000000", "0.00000000"], ["62990.70000000", "0.00000000"], ["62959.10000000", "0.00000000"], ["62917.10000000", "0.00000000"], ["62853.90000000", "0.00000000"], ["62795.80000000", "0.00000000"], ["62749.72000000", "0.00069000"], ["62503.90000000", "0.00009000"], ["62063.30000000", "0.00000000"], ["61839.00000000", "0.00000000"], ["61746.70000000", "0.00000000"]], "a": [["63285.10000000", "0.00000000"], ["63328.10000000", "0.00000000"], ["63341.76000000", "0.00000000"], ["63356.60000000", "0.00000000"], ["63388.30000000", "0.00000000"], ["63407.20000000", "0.00000000"], ["63419.90000000", "0.00000000"], ["63469.90000000", "0.00000000"], ["63498.40000000", "0.00000000"], ["63530.00000000", "0.73577000"], ["63530.10000000", "0.00023000"], ["63561.70000000", "0.00000000"], ["63625.00000000", "0.00534000"], ["63676.60000000", "4.98188000"], ["63771.60000000", "4.47798000"], ["64500.00000000", "62.11652000"]]}
{"e": "depthUpdate", "E": 1727121524414, "s": "BTCUSDT", "U": 52040005981, "u": 52040006001, "b": [["63261.15000000", "0.30630000"], ["63236.19000000", "0.03972000"], ["63236.18000000", "0.00000000"], ["63202.37000000", "0.00000000"], ["63161.15000000", "0.01000000"], ["62690.50000000", "0.00086000"], ["62446.53000000", "0.00000000"], ["62433.13000000", "0.00256000"], ["33000.00000000", "8.04066000"]], "a": [["63261.17000000", "0.01214000"], ["63282.50000000", "0.03972000"], ["63282.65000000", "0.00000000"], ["63341.75000000", "0.00000000"], ["63356.41000000", "0.88190000"], ["63361.16000000", "0.01000000"], ["63363.67000000", "0.04597000"], ["63387.99000000", "0.00000000"], ["63416.66000000", "0.02485000"]]}
{"e": "depthUpdate", "E": 1727121524514, "s": "BTCUSDT", "U": 52040006002, "u": 52040006006, "b": [["63259.52000000", "0.00000000"], ["63248.16000000", "0.22250000"], ["63235.16000000", "0.00000000"], ["63232.21000000", "0.39521000"]], "a": [["63282.35000000", "0.04017000"], ["63282.50000000", "0.00000000"]]}
{"e": "depthUpdate", "E": 1727121524614, "s": "BTCUSDT", "U": 52040006007, "u": 52040006032, "b": [["63261.15000000", "0.25979000"], ["63260.11000000", "0.00000000"], ["63259.99000000", "0.00000000"], ["63259.27000000", "0.00000000"], ["63259.15000000", "0.00000000"], ["63259.14000000", "0.00000000"], ["63258.75000000", "0.00000000"], ["63257.29000000", "0.00000000"], ["63253.58000000", "0.04000000"], ["63252.90000000", "0.11125000"], ["63252.19000000", "0.32603000"], ["63252.18000000", "0.00000000"], ["63251.78000000", "0.08000000"], ["63250.98000000", "0.16000000"], ["63249.41000000", "0.00000000"], ["63248.16000000", "0.22250000"], ["63239.92000000", "0.00000000"], ["63236.99000000", "0.39824000"]], "a": [["63265.48000000", "0.04022000"], ["63282.20000000", "0.04001000"], ["63282.35000000", "0.00000000"], ["63347.64000000", "1.09606000"], ["63361.16000000", "0.01000000"]]}
{"e": "depthUpdate", "E": 1727121524714, "s": "BTCUSDT", "U": 52040006033, "u": 52040006046, "b": [["63261.15000000", "0.26694000"], ["63259.50000000", "0.00009000"], ["63257.28000000", "0.14120000"], ["63252.90000000", "0.00000000"], ["63252.19000000", "0.15211000"], ["63249.41000000", "0.00000000"], ["63248.16000000", "0.00000000"], ["63239.92000000", "0.00000000"], ["63075.02000000", "0.00000000"]], "a": [["63282.05000000", "0.04000000"], ["63282.20000000", "0.00000000"]]}
{"e": "depthUpdate", "E": 1727121524814, "s": "BTCUSDT", "U": 52040006047, "u": 52040006069, "b": [["63257.28000000", "0.00000000"], ["63254.26000000", "0.05315000"], ["63250.98000000", "0.00000000"], ["63250.04000000", "0.16000000"], ["63239.01000000", "0.00017000"], ["63238.67000000", "0.00000000"], ["63233.93000000", "0.11125000"], ["63228.79000000", "0.00000000"], ["63228.57000000", "0.39521000"], ["63225.63000000", "0.00000000"], ["63217.38000000", "0.00115000"], ["63214.22000000", "0.00115000"], ["63197.29000000", "0.39475000"]], "a": [["63262.51000000", "0.04670000"], ["63282.04000000", "0.04025000"], ["63282.05000000", "0.00000000"], ["63285.94000000", "0.00000000"]]}
{"e": "depthUpdate", "E": 1727121524914, "s": "BTCUSDT", "U": 52040006070, "u": 52040006084, "b": [["63252.10000000", "0.00000000"], ["63244.14000000", "0.00020000"], ["13666.00000000", "0.03240000"]], "a": [["63261.16000000", "4.25247000"], ["63261.90000000", "0.04670000"], ["63261.98000000", "0.04082000"], ["63267.76000000", "0.00038000"], ["63268.37000000", "0.00000000"], ["63270.30000000", "0.00000000"], ["63277.86000000", "0.00000000"], ["63280.74000000", "0.00000000"], ["63281.89000000", "0.04011000"], ["63282.04000000", "0.00000000"], ["63291.70000000", "0.00363000"], ["63299.94000000", "0.00000000"]]}
{"e": "depthUpdate", "E": 1727121525014, "s": "BTCUSDT", "U": 52040006085, "u": 52040006140, "b": [["63261.15000000", "0.27071000"], ["63253.87000000", "0.00000000"], ["63248.83000000", "0.00000000"], ["63248.36000000", "0.01581000"], ["63248.16000000", "0.11125000"], ["63248.01000000", "0.00000000"], ["63244.47000000", "0.00000000"], ["63232.20000000", "0.00000000"], ["63230.55000000", "0.00000000"], ["63186.17000000", "0.18644000"], ["63145.95000000", "1.04825000"], ["63136.76000000", "0.00158000"], ["56935.00000000", "0.00000000"]], "a": [["63261.16000000", "3.60587000"], ["63261.42000000", "0.04670000"], ["63261.73000000", "0.00000000"], ["63262.31000000", "0.00038000"], ["63262.38000000", "0.00000000"], ["63264.33000000", "0.01489000"], ["63266.75000000", "0.00038000"], ["63267.12000000", "0.00000000"], ["63267.99000000", "0.00000000"], ["63268.05000000", "0.26871000"], ["63268.25000000", "0.00000000"], ["63268.26000000", "0.00000000"], ["63268.38000000", "0.14225000"], ["63268.90000000", "0.11971000"], ["63269.33000000", "0.16808000"], ["63270.03000000", "0.26871000"], ["63270.23000000", "0.00000000"], ["63271.86000000", "0.39521000"], ["63274.38000000", "0.03951000"], ["63274.58000000", "0.00000000"], ["63274.84000000", "0.00000000"], ["63281.74000000", "0.03978000"], ["63281.89000000", "0.00000000"], ["63283.96000000", "0.00000000"], ["63288.29000000", "0.04608000"], ["63294.93000000", "0.00000000"], ["63298.14000000", "1.51353000"], ["63313.23000000", "0.00000000"], ["63536.93000000", "0.01581000"], ["63544.18000000", "0.00000000"], ["63754.34000000", "0.00238000"], ["63759.33000000", "0.00000000"], ["63785.16000000", "0.00159000"], ["63790.16000000", "0.00000000"], ["64586.00000000", "0.02056000"]]}
{"e": "depthUpdate", "E": 1727121525114, "s": "BTCUSDT", "U": 52040006141, "u": 52040006560, "b": [["63261.15000000", "0.00000000"], ["63261.11000000", "0.00000000"], ["63261.01000000", "0.00000000"], ["63261.00000000", "0.00000000"], ["63260.85000000", "0.00000000"], ["63260.84000000", "0.00000000"], ["63260.00000000", "0.00000000"], ["63259.51000000", "0.00000000"], ["63259.50000000", "0.00000000"], ["63257.79000000", "0.00000000"], ["63257.34000000", "0.46714000"], ["63257.28000000", "0.00021000"], ["63257.02000000", "0.03162000"], ["63255.69000000", "0.00000000"], ["63254.63000000", "0.00039000"], ["63254.26000000", "0.00000000"], ["63254.25000000", "0.00000000"], ["63253.58000000", "0.00000000"], ["63252.20000000", "0.00000000"], ["63252.19000000", "0.00000000"], ["63251.78000000", "0.00000000"], ["63251.32000000", "0.00000000"], ["63251.29000000", "0.00000000"], ["63251.14000000", "0.00000000"], ["63250.86000000", "0.00000000"], ["63250.61000000", "0.00000000"], ["63250.14000000", "0.00000000"], ["63250.04000000", "0.00000000"], ["63249.74000000", "0.00009000"], ["63249.57000000", "0.00000000"], ["63248.84000000", "0.28000000"], ["63248.32000000", "0.00000000"], ["63248.16000000", "0.11125000"], ["63246.72000000", "0.00000000"], ["63246.46000000", "0.00000000"], ["63246.04000000", "0.00000000"], ["63245.59000000", "0.00000000"], ["63244.51000000", "0.00000000"], ["63244.40000000", "0.00000000"], ["63244.39000000", "0.00000000"], ["63244.28000000", "0.00000000"], ["63243.41000000", "0.11125000"], ["63242.01000000", "0.01783000"], ["63241.51000000", "0.00000000"], ["63240.59000000", "0.00000000"], ["63240.56000000", "0.00000000"], ["63240.10000000", "0.64875000"], ["63240.09000000", "0.00000000"], ["63240.07000000", "0.00000000"], ["63237.84000000", "0.11280000"], ["63236.19000000", "0.00000000"], ["63234.59000000", "0.00000000"], ["63232.21000000", "0.00000000"], ["63231.75000000", "0.00000000"], ["63230.39000000", "0.00000000"], ["63230.14000000", "0.05064000"], ["63229.05000000", "0.00000000"], ["63227.82000000", "0.00000000"], ["63226.01000000", "0.39525000"], ["63225.53000000", "0.00000000"], ["63217.79000000", "0.04975000"], ["63217.59000000", "0.00000000"], ["63212.82000000", "0.63279000"], ["63212.10000000", "0.00060000"], ["63209.23000000", "0.00012000"], ["63193.73000000", "0.00000000"], ["63191.46000000", "0.00000000"], ["63188.13000000", "0.00945000"], ["63180.89000000", "1.26621000"], ["63143.39000000", "0.00000000"], ["63123.90000000", "0.04597000"], ["63120.31000000", "0.00000000"], ["63112.67000000", "0.00017000"], ["63031.30000000", "0.24306000"], ["63027.40000000", "0.10000000"], ["56934.00000000", "0.00040000"], ["48422.00000000", "0.00025000"]], "a": [["63257.35000000", "3.15425000"], ["63257.68000000", "0.52342000"], ["63257.79000000", "0.00000000"], ["63257.80000000", "1.36721000"], ["63258.14000000", "0.04670000"], ["63258.50000000", "0.00076000"], ["63258.51000000", "0.24660000"], ["63259.18000000", "0.04670000"], ["63259.50000000", "0.00000000"], ["63259.51000000", "0.28640000"], ["63259.52000000", "0.71272000"], ["63259.85000000", "0.24660000"], ["63259.98000000", "0.11971000"], ["63260.73000000", "0.03980000"], ["63260.75000000", "0.00000000"], ["63260.77000000", "0.00000000"], ["63260.84000000", "0.37356000"], ["63260.85000000", "0.00000000"], ["63260.86000000", "0.00000000"], ["63260.89000000", "0.00008000"], ["63260.94000000", "0.00039000"], ["63261.01000000", "0.00000000"], ["63261.02000000", "0.00000000"], ["63261.12000000", "0.00000000"], ["63261.15000000", "1.66295000"], ["63261.16000000", "0.79347000"], ["63261.41000000", "0.25341000"], ["63261.89000000", "0.28000000"], ["63261.98000000", "0.01274000"], ["63262.31000000", "0.00000000"], ["63262.74000000", "0.00000000"], ["63262.94000000", "0.00038000"], ["63263.34000000", "0.03162000"], ["63263.56000000", "0.00000000"], ["63263.93000000", "0.00038000"], ["63263.95000000", "0.00038000"], ["63264.32000000", "0.39525000"], ["63266.41000000", "0.12630000"], ["63266.75000000", "0.00000000"], ["63267.17000000", "0.00000000"], ["63267.29000000", "0.00000000"], ["63267.76000000", "0.00000000"], ["63268.34000000", "0.47370000"], ["63268.63000000", "0.05061000"], ["63269.82000000", "0.00000000"], ["63270.22000000", "0.00000000"], ["63271.85000000", "0.23714000"], ["63271.86000000", "0.00000000"], ["63271.87000000", "0.00000000"], ["63272.02000000", "0.06337000"], ["63276.61000000", "0.00000000"], ["63276.69000000", "0.00000000"], ["63277.50000000", "0.06114000"], ["63277.98000000", "0.03986000"], ["63279.46000000", "1.17070000"], ["63280.72000000", "0.00000000"], ["63281.36000000", "0.00000000"], ["63281.74000000", "0.00000000"], ["63283.33000000", "0.00000000"], ["63283.89000000", "0.00000000"], ["63285.93000000", "0.00000000"], ["63287.98000000", "0.04597000"], ["63289.16000000", "0.00000000"], ["63289.55000000", "0.00790000"], ["63294.06000000", "0.00000000"], ["63295.58000000", "0.00000000"], ["63296.88000000", "0.90814000"], ["63299.34000000", "0.00000000"], ["63301.75000000", "0.00000000"], ["63302.42000000", "0.47370000"], ["63311.99000000", "0.00000000"], ["63357.04000000", "0.00000000"], ["63370.53000000", "0.00000000"], ["63376.62000000", "0.00000000"], ["63388.76000000", "1.35093000"], ["63391.69000000", "0.00000000"], ["64570.66000000", "0.00000000"]]}
{"e": "depthUpdate", "E": 1727121525214, "s": "BTCUSDT", "U": 52040006561, "u": 52040006713, "b": [["63257.34000000", "0.46748000"], ["63256.40000000", "0.27387000"], ["63254.65000000", "0.00027000"], ["63253.67000000", "0.00000000"], ["63253.66000000", "0.00000000"], ["63251.79000000", "0.00000000"], ["63249.66000000", "0.00000000"], ["63248.16000000", "0.00000000"], ["63247.04000000", "0.25341000"], ["63245.97000000", "0.13838000"], ["63244.39000000", "0.75416000"], ["63243.92000000", "0.03150000"], ["63243.91000000", "0.00000000"], ["63243.41000000", "0.00000000"], ["63242.01000000", "0.00000000"], ["63241.48000000", "0.00000000"], ["63240.11000000", "0.47515000"], ["63239.92000000", "0.39475000"], ["63233.39000000", "1.21265000"], ["63231.85000000", "0.03987000"], ["63230.56000000", "0.00000000"], ["63230.47000000", "0.04975000"], ["63230.15000000", "0.37899000"], ["63229.74000000", "0.00000000"], ["63222.37000000", "0.04167000"], ["63222.29000000", "0.04608000"], ["63218.10000000", "0.00000000"], ["63217.79000000", "0.00000000"], ["63216.45000000", "0.00000000"], ["63216.05000000", "0.00000000"], ["63209.30000000", "0.00358000"], ["63206.55000000", "0.66888000"], ["63192.39000000", "0.00017000"], ["63181.09000000", "0.75976000"], ["63180.50000000", "0.00000000"]], "a": [["63257.35000000", "3.61706000"], ["63257.43000000", "0.08938000"], ["63260.72000000", "0.22419000"], ["63260.84000000", "0.23350000"], ["63261.15000000", "0.00000000"], ["63261.16000000", "0.79227000"], ["63261.25000000", "0.05690000"], ["63261.98000000", "0.00000000"], ["63261.99000000", "0.00000000"], ["63262.01000000", "0.00156000"], ["63264.32000000", "0.00000000"], ["63264.33000000", "0.00000000"], ["63266.48000000", "0.00000000"], ["63267.66000000", "0.00000000"], ["63267.99000000", "0.39524000"], ["63268.33000000", "0.28428000"], ["63268.63000000", "0.00000000"], ["63268.64000000", "0.00000000"], ["63269.33000000", "0.00000000"], ["63269.35000000", "0.00000000"], ["63270.29000000", "0.05061000"], ["63271.85000000", "0.03809000"], ["63272.02000000", "0.00000000"], ["63272.70000000", "0.00168000"], ["63273.91000000", "0.66527000"], ["63275.40000000", "0.00000000"], ["63276.60000000", "0.00000000"], ["63277.50000000", "0.00000000"], ["63277.86000000", "0.39475000"], ["63277.98000000", "0.00000000"], ["63278.30000000", "0.01489000"], ["63278.98000000", "0.00037000"], ["63279.45000000", "0.70250000"], ["63279.59000000", "0.07320000"], ["63279.98000000", "0.00000000"], ["63280.50000000", "0.00000000"], ["63285.22000000", "0.06337000"], ["63285.98000000", "0.04697000"], ["63287.51000000", "0.00000000"], ["63288.40000000", "0.00000000"], ["63290.79000000", "0.06114000"], ["63291.90000000", "0.00000000"], ["63380.77000000", "0.00012000"], ["63382.43000000", "1.20726000"], ["63388.76000000", "0.00000000"]]}
{"e": "depthUpdate", "E": 1727121525314, "s": "BTCUSDT", "U": 52040006714, "u": 52040006789, "b": [["63257.34000000", "0.42860000"], ["63253.94000000", "0.00000000"], ["63252.06000000", "0.09690000"], ["63250.34000000", "0.08927000"], ["63250.01000000", "0.28423000"], ["63248.16000000", "0.11125000"], ["63247.05000000", "0.15266000"], ["63246.13000000", "0.00040000"], ["63244.39000000", "0.98788000"], ["63243.92000000", "0.00000000"], ["63240.70000000", "0.05690000"], ["63235.69000000", "0.00481000"], ["63233.44000000", "0.04037000"], ["63231.85000000", "0.00000000"], ["63221.44000000", "1.22325000"], ["63206.32000000", "0.00360000"], ["63197.29000000", "0.00000000"], ["63156.88000000", "0.00000000"], ["63131.79000000", "0.11514000"], ["63027.40000000", "0.00000000"], ["56931.00000000", "0.00000000"], ["22806.97000000", "0.00000000"], ["22802.30000000", "0.00216000"], ["22802.29000000", "0.00054000"], ["22799.00000000", "0.00000000"], ["22797.55000000", "0.00000000"], ["22794.49000000", "0.00216000"]], "a": [["63257.35000000", "3.77215000"], ["63257.43000000", "0.00000000"], ["63257.68000000", "0.61509000"], ["63258.14000000", "0.00000000"], ["63258.50000000", "0.00000000"], ["63259.87000000", "0.00000000"], ["63260.72000000", "0.16802000"], ["63261.13000000", "0.04054000"], ["63262.94000000", "0.00000000"], ["63263.18000000", "0.26873000"], ["63263.95000000", "0.00000000"], ["63265.15000000", "0.26873000"], ["63267.99000000", "0.00000000"], ["63268.05000000", "0.00000000"], ["63269.50000000", "0.04015000"], ["63270.03000000", "0.00000000"], ["63270.29000000", "0.00000000"], ["63270.30000000", "0.00000000"], ["63271.24000000", "0.01687000"], ["63271.84000000", "0.39522000"], ["63272.70000000", "0.00000000"], ["63273.37000000", "0.03374000"], ["63274.38000000", "0.00000000"], ["63275.50000000", "0.00168000"], ["63276.71000000", "0.00115000"], ["63279.88000000", "0.00115000"], ["63281.47000000", "0.04001000"], ["63305.97000000", "0.10670000"], ["63331.12000000", "0.00000000"], ["63363.30000000", "0.00000000"]]}
{"e": "depthUpdate", "E": 1727121525414, "s": "BTCUSDT", "U": 52040006790, "u": 52040006820, "b": [["63257.34000000", "0.46670000"], ["63250.15000000", "0.00040000"], ["63248.16000000", "0.00000000"], ["63247.33000000", "0.00050000"], ["63247.32000000", "0.00050000"], ["63239.92000000", "0.00000000"], ["63236.57000000", "1.20791000"], ["63233.45000000", "0.04016000"], ["63233.44000000", "0.00000000"], ["63233.39000000", "0.00000000"], ["63230.44000000", "0.00000000"], ["63026.90000000", "0.00214000"], ["33000.00000000", "8.04066000"]], "a": [["63257.80000000", "0.28640000"], ["63259.17000000", "0.42768000"], ["63260.72000000", "0.45442000"], ["63261.25000000", "0.00000000"], ["63266.48000000", "0.05690000"], ["63271.83000000", "0.23714000"], ["63271.85000000", "0.00000000"], ["63277.86000000", "0.00000000"], ["63281.04000000", "0.04017000"], ["63281.47000000", "0.00000000"], ["63287.35000000", "0.00000000"], ["63356.97000000", "0.04847000"], ["63363.30000000", "0.00435000"], ["63416.66000000", "0.00010000"]]}
{"e": "depthUpdate", "E": 1727121525514, "s": "BTCUSDT", "U": 52040006821, "u": 52040006861, "b": [["63247.33000000", "0.00000000"], ["63247.32000000", "0.00000000"], ["63233.93000000", "0.00000000"], ["63233.46000000", "0.03979000"], ["63233.45000000", "0.00000000"], ["63228.57000000", "0.00046000"], ["63218.14000000", "0.00000000"], ["63161.15000000", "0.00000000"], ["63157.34000000", "0.01000000"], ["63145.95000000", "0.00000000"], ["63141.24000000", "1.04833000"], ["63104.40000000", "0.00000000"], ["63046.50000000", "0.00000000"], ["63022.30000000", "0.00000000"], ["62990.70000000", "0.00000000"], ["62959.10000000", "0.00000000"], ["62917.10000000", "0.00000000"], ["62853.90000000", "0.00000000"], ["62795.80000000", "0.00000000"], ["62503.90000000", "0.00009000"], ["62063.30000000", "0.00000000"], ["61839.00000000", "0.00000000"], ["61746.70000000", "0.00000000"], ["56931.00000000", "0.00000000"]], "a": [["63257.35000000", "3.88340000"], ["63261.16000000", "0.79213000"], ["63280.66000000", "0.04000000"], ["63281.04000000", "0.00000000"], ["63287.34000000", "1.12185000"], ["63290.27000000", "1.50860000"], ["63298.14000000", "0.00000000"], ["63348.23000000", "0.00000000"], ["63387.00000000", "1.97318000"], ["63402.46000000", "0.02475000"], ["63407.20000000", "0.00000000"], ["63469.90000000", "0.00000000"], ["63498.40000000", "0.00000000"], ["63530.00000000", "0.73577000"], ["63561.70000000", "0.00000000"], ["63676.60000000", "0.00000000"], ["63771.60000000", "0.00000000"]]}
{"e": "depthUpdate", "E": 1727121525614, "s": "BTCUSDT", "U": 52040006862, "u": 52040006882, "b": [["63257.34000000", "0.46705000"], ["63243.41000000", "0.11125000"], ["63236.99000000", "0.67499000"], ["63233.47000000", "0.04001000"], ["63233.46000000", "0.00000000"], ["63227.55000000", "0.19234000"], ["63186.17000000", "0.00000000"], ["33000.00000000", "8.04066000"]], "a": [["63257.35000000", "3.77215000"], ["63258.93000000", "0.00069000"], ["63280.46000000", "0.04006000"], ["63280.66000000", "0.00000000"], ["63281.36000000", "0.11125000"], ["63290.50000000", "0.00000000"], ["63296.88000000", "0.00000000"], ["63347.64000000", "0.75775000"], ["63387.00000000", "0.00000000"], ["63416.65000000", "0.01130000"], ["63417.49000000", "0.00000000"]]}
{"e": "depthUpdate", "E": 1727121525714, "s": "BTCUSDT", "U": 52040006883, "u": 52040006902, "b": [["63257.34000000", "0.46687000"], ["63239.92000000", "0.39475000"], ["63233.48000000", "0.03984000"], ["63233.47000000", "0.00000000"], ["56934.00000000", "0.00020000"], ["56931.00000000", "0.00020000"], ["22802.75000000", "0.00054000"], ["22798.08000000", "0.00054000"], ["22796.46000000", "0.00000000"], ["22796.34000000", "0.00108000"], ["22794.79000000", "0.00054000"]], "a": [["63261.16000000", "0.77020000"], ["63261.18000000", "0.00000000"], ["63261.20000000", "0.00000000"], ["63265.48000000", "0.00000000"], ["63277.86000000", "0.39475000"], ["63280.37000000", "0.04037000"], ["63280.46000000", "0.00000000"], ["63348.22000000", "1.95714000"]]}
{"e": "depthUpdate", "E": 1727121525814, "s": "BTCUSDT", "U": 52040006903, "u": 52040006941, "b": [["63257.34000000", "0.44495000"], ["63255.45000000", "0.00457000"], ["63235.84000000", "0.00000000"], ["63233.49000000", "0.03989000"], ["63233.48000000", "0.00000000"], ["63207.71000000", "0.00000000"], ["63206.73000000", "0.01000000"], ["63104.40000000", "0.83734000"], ["63046.50000000", "1.69580000"], ["63022.30000000", "2.56214000"], ["62990.70000000", "2.51925000"], ["62959.10000000", "2.54723000"], ["62917.10000000", "5.12361000"], ["62853.90000000", "8.18552000"], ["62795.80000000", "3.25189000"], ["62503.90000000", "1.69556000"], ["62063.30000000", "1.68676000"], ["61839.00000000", "0.81473000"], ["61746.70000000", "0.85745000"]], "a": [["63257.35000000", "3.79408000"], ["63257.37000000", "0.02193000"], ["63258.02000000", "0.04670000"], ["63280.74000000", "0.39475000"], ["63290.85000000", "0.11125000"], ["63322.52000000", "0.39475000"], ["63407.20000000", "0.84019000"], ["63469.90000000", "1.65526000"], ["63498.40000000", "2.52478000"], ["63530.00000000", "3.27881000"], ["63561.70000000", "2.48608000"], ["63676.60000000", "4.98188000"], ["63771.60000000", "4.47798000"], ["64567.00000000", "0.00880000"]]}
{"e": "depthUpdate", "E": 1727121525914, "s": "BTCUSDT", "U": 52040006942, "u": 52040006949, "b": [["63257.34000000", "0.40645000"], ["63250.34000000", "0.00000000"], ["63243.41000000", "0.00000000"], ["63233.50000000", "0.04038000"], ["63233.49000000", "0.00000000"]], "a": [["63257.41000000", "0.04670000"], ["63280.15000000", "0.03960000"], ["63280.37000000", "0.00000000"]]}
{"e": "depthUpdate", "E": 1727121526014, "s": "BTCUSDT", "U": 52040006950, "u": 52040006956, "b": [["63257.34000000", "0.44506000"], ["63238.67000000", "0.11125000"], ["63233.51000000", "0.03978000"], ["63233.50000000", "0.00000000"]], "a": [["63280.03000000", "0.03995000"], ["63280.15000000", "0.00000000"]]}
{"e": "depthUpdate", "E": 1727121526114, "s": "BTCUSDT", "U": 52040006957, "u": 52040007121, "b": [["63257.34000000", "0.00000000"], ["63257.28000000", "0.00000000"], ["63257.27000000", "0.57483000"], ["63257.03000000", "0.00009000"], ["63256.41000000", "0.00009000"], ["63254.95000000", "0.00000000"], ["63254.94000000", "0.00000000"], ["63252.06000000", "0.09692000"], ["63250.01000000", "0.00000000"], ["63249.47000000", "0.09108000"], ["63248.85000000", "0.19273000"], ["63248.84000000", "0.04000000"], ["63248.14000000", "0.24000000"], ["63247.05000000", "0.15257000"], ["63244.40000000", "0.23757000"], ["63244.39000000", "0.75031000"], ["63240.59000000", "0.47515000"], ["63240.58000000", "0.00043000"], ["63240.11000000", "0.00000000"], ["63239.47000000", "0.00000000"], ["63236.07000000", "0.08475000"], ["63233.51000000", "0.00000000"], ["63231.33000000", "0.00000000"], ["63230.92000000", "0.47370000"], ["63230.76000000", "0.06646000"], ["63227.55000000", "0.00000000"], ["63221.44000000", "0.00000000"], ["63218.58000000", "0.00000000"], ["63186.01000000", "0.18509000"]], "a": [["63257.28000000", "7.11689000"], ["63257.29000000", "0.39490000"], ["63257.34000000", "0.00021000"], ["63257.35000000", "0.62890000"], ["63257.68000000", "0.13017000"], ["63257.80000000", "0.28640000"], ["63259.17000000", "0.42770000"], ["63261.12000000", "0.00000000"], ["63263.88000000", "0.00038000"], ["63271.24000000", "0.01687000"], ["63273.37000000", "0.00000000"], ["63276.61000000", "0.11125000"], ["63278.99000000", "0.03999000"], ["63280.03000000", "0.00008000"], ["63282.74000000", "0.04597000"], ["63283.80000000", "0.04497000"], ["63286.23000000", "0.03374000"], ["63286.99000000", "0.04597000"], ["63295.60000000", "0.11125000"], ["63298.86000000", "0.07396000"], ["63339.06000000", "4.19369000"], ["63353.42000000", "0.00000000"], ["63357.99000000", "0.00000000"], ["63371.96000000", "0.00000000"], ["63384.54000000", "0.00000000"], ["64438.64000000", "0.07762000"], ["64441.86000000", "0.00000000"], ["64567.44000000", "0.07774000"]]}
{"e": "depthUpdate", "E": 1727121526214, "s": "BTCUSDT", "U": 52040007122, "u": 52040007158, "b": [["63257.27000000", "0.72195000"], ["63256.60000000", "0.31615000"], ["63256.41000000", "0.00000000"], ["63249.47000000", "0.00000000"], ["63248.85000000", "0.13870000"], ["63244.51000000", "0.00012000"], ["63239.92000000", "0.00000000"], ["63238.67000000", "0.00000000"], ["63231.35000000", "0.04006000"], ["63230.76000000", "0.00322000"], ["63230.50000000", "0.06323000"], ["63230.44000000", "0.00000000"], ["63229.51000000", "0.05199000"], ["63220.95000000", "0.00000000"], ["63219.29000000", "0.00000000"], ["63211.47000000", "0.39475000"], ["63026.90000000", "0.00018000"], ["63025.50000000", "0.10000000"]], "a": [["63257.28000000", "7.11808000"], ["63257.34000000", "0.31636000"], ["63257.35000000", "0.62771000"], ["63263.18000000", "0.00000000"], ["63264.14000000", "0.00038000"], ["63271.24000000", "0.05061000"], ["63286.23000000", "0.00000000"], ["63306.34000000", "0.00000000"], ["63357.28000000", "0.01000000"], ["63361.16000000", "0.00000000"]]}
{"e": "depthUpdate", "E": 1727121526314, "s": "BTCUSDT", "U": 52040007159, "u": 52040007175, "b": [["63257.27000000", "0.54903000"], ["63256.61000000", "0.00009000"], ["63248.16000000", "0.00000000"], ["63239.01000000", "0.39492000"], ["63231.95000000", "0.04033000"], ["63231.35000000", "0.00000000"], ["63228.57000000", "0.36167000"], ["63181.08000000", "0.06234000"], ["56931.00000000", "0.00020000"]], "a": [["63262.10000000", "0.26873000"], ["63282.75000000", "0.00000000"]]}
{"e": "depthUpdate", "E": 1727121526414, "s": "BTCUSDT", "U": 52040007176, "u": 52040007201, "b": [["63257.27000000", "0.51053000"], ["63256.61000000", "0.00000000"], ["63256.60000000", "0.00000000"], ["63256.41000000", "0.00009000"], ["63255.49000000", "0.31629000"], ["63252.07000000", "0.09692000"], ["63252.06000000", "0.00000000"], ["63249.39000000", "0.08854000"], ["63235.69000000", "0.00000000"], ["63231.96000000", "0.03977000"], ["63231.95000000", "0.00000000"], ["33000.00000000", "8.04066000"]], "a": [["63257.32000000", "0.00315000"], ["63264.14000000", "0.00000000"], ["63277.94000000", "0.00467000"]]}
{"e": "depthUpdate", "E": 1727121526514, "s": "BTCUSDT", "U": 52040007202, "u": 52040007211, "b": [["63257.27000000", "0.54903000"], ["63250.15000000", "0.00000000"], ["63250.07000000", "0.00064000"], ["63246.00000000", "0.03908000"], ["63243.41000000", "0.11125000"], ["63231.97000000", "0.03986000"], ["63231.96000000", "0.00000000"], ["63222.61000000", "1.19356000"]], "a": []}
{"e": "depthUpdate", "E": 1727121526614, "s": "BTCUSDT", "U": 52040007212, "u": 52040007223, "b": [["63249.39000000", "0.00000000"], ["63243.41000000", "0.22250000"], ["63231.98000000", "0.03985000"], ["63231.97000000", "0.00000000"], ["63227.55000000", "0.18470000"], ["63186.01000000", "0.00000000"]], "a": [["63280.73000000", "0.06678000"], ["63281.36000000", "0.22250000"], ["63290.79000000", "0.00000000"], ["63298.17000000", "0.06114000"], ["63299.34000000", "0.66525000"], ["63337.96000000", "2.48062000"]]}
{"e": "depthUpdate", "E": 1727121526714, "s": "BTCUSDT", "U": 52040007224, "u": 52040007229, "b": [["63239.92000000", "0.39475000"], ["63231.99000000", "0.03991000"], ["63231.98000000", "0.00000000"], ["63230.44000000", "0.39475000"], ["62437.21000000", "0.00064000"], ["61407.73000000", "0.00326000"]], "a": []}
{"e": "depthUpdate", "E": 1727121526814, "s": "BTCUSDT", "U": 52040007230, "u": 52040007239, "b": [["63249.25000000", "0.08853000"], ["63248.16000000", "0.00000000"], ["63243.41000000", "0.11125000"], ["63232.00000000", "0.06802000"], ["63231.99000000", "0.00000000"], ["63218.14000000", "0.39475000"], ["63207.71000000", "0.39475000"]], "a": [["63269.46000000", "0.00000000"], ["63371.51000000", "0.15000000"]]}
{"e": "depthUpdate", "E": 1727121526914, "s": "BTCUSDT", "U": 52040007240, "u": 52040007244, "b": [["63232.01000000", "0.03975000"], ["63232.00000000", "0.02840000"]], "a": [["63278.84000000", "0.03992000"], ["63278.99000000", "0.00000000"], ["63376.90000000", "0.00000000"]]}
{"e": "depthUpdate", "E": 1727121527014, "s": "BTCUSDT", "U": 52040007245, "u": 52040007251, "b": [["63232.02000000", "0.04027000"], ["63232.01000000", "0.00000000"], ["56931.00000000", "0.00020000"], ["13666.00000000", "0.03422000"]], "a": [["63259.98000000", "0.00000000"], ["63290.85000000", "0.22250000"]]}
{"e": "depthUpdate", "E": 1727121527114, "s": "BTCUSDT", "U": 52040007252, "u": 52040007265, "b": [["63257.27000000", "0.54865000"], ["63257.00000000", "0.00365000"], ["63251.29000000", "0.00100000"], ["63246.00000000", "0.02894000"], ["63243.41000000", "0.22250000"], ["63238.67000000", "0.11125000"], ["63232.03000000", "0.03995000"], ["63232.02000000", "0.00000000"], ["63157.34000000", "0.00000000"], ["63157.27000000", "0.01000000"], ["56931.00000000", "0.00020000"]], "a": [["63264.30000000", "0.00100000"], ["64000.00000000", "55.87507000"]]}
{"e": "depthUpdate", "E": 1727121527214, "s": "BTCUSDT", "U": 52040007266, "u": 52040007276, "b": [["63257.27000000", "0.54598000"], ["63232.11000000", "0.04004000"], ["63232.03000000", "0.00000000"], ["63230.14000000", "0.01688000"], ["63229.19000000", "0.03376000"], ["63220.95000000", "0.39475000"]], "a": [["63278.69000000", "0.04010000"], ["63278.84000000", "0.00000000"], ["63287.35000000", "0.39475000"], ["63310.58000000", "0.02475000"], ["63402.46000000", "0.00000000"]]}
{"e": "depthUpdate", "E": 1727121527314, "s": "BTCUSDT", "U": 52040007277, "u": 52040007281, "b": [["63257.27000000", "0.50748000"], ["63248.16000000", "0.11125000"], ["63232.12000000", "0.04047000"], ["63232.11000000", "0.00000000"]], "a": [["63265.10000000", "0.15046000"]]}
{"e": "depthUpdate", "E": 1727121527414, "s": "BTCUSDT", "U": 52040007282, "u": 52040007289, "b": [["63257.27000000", "0.54598000"], ["63232.19000000", "0.04002000"], ["63232.12000000", "0.00009000"], ["63104.40000000", "0.00000000"], ["63046.50000000", "0.00000000"], ["63022.30000000", "0.00000000"], ["62990.70000000", "0.00000000"], ["62959.10000000", "0.00000000"], ["62917.10000000", "0.00000000"], ["62853.90000000", "0.00000000"], ["62795.80000000", "0.00000000"], ["62570.05000000", "0.00063000"], ["62503.90000000", "0.00009000"], ["62063.30000000", "0.00000000"], ["61839.00000000", "0.00000000"], ["61746.70000000", "0.00000000"], ["56931.00000000", "0.00020000"]], "a": [["63257.28000000", "7.13388000"], ["63407.20000000", "0.00000000"], ["63469.90000000", "0.00000000"], ["63498.40000000", "0.00000000"], ["63530.00000000", "0.73577000"], ["63561.70000000", "0.00000000"], ["63676.60000000", "0.00000000"], ["63771.60000000", "0.00000000"]]}
{"e": "depthUpdate", "E": 1727121527514, "s": "BTCUSDT", "U": 52040007290, "u": 52040007305, "b": [["63257.27000000", "0.26088000"], ["63257.03000000", "0.00021000"], ["63256.41000000", "0.00021000"], ["63248.16000000", "0.00000000"], ["63243.41000000", "0.11125000"], ["63233.93000000", "0.11125000"], ["63232.19000000", "0.00000000"], ["62686.40000000", "0.00093000"], ["56931.00000000", "0.00020000"], ["33000.00000000", "8.04066000"]], "a": [["63258.39000000", "0.06017000"], ["63272.58000000", "0.00000000"], ["63310.58000000", "0.00000000"]]}
{"e": "depthUpdate", "E": 1727121527614, "s": "BTCUSDT", "U": 52040007306, "u": 52040007337, "b": [["63257.27000000", "0.02556000"], ["63257.03000000", "0.00021000"], ["63256.41000000", "0.00009000"], ["63250.01000000", "0.28422000"], ["63248.85000000", "0.00000000"], ["63247.04000000", "0.00000000"], ["63243.41000000", "0.00000000"], ["63238.67000000", "0.11125000"], ["63232.35000000", "0.03986000"], ["62563.86000000", "0.00110000"], ["62319.86000000", "0.00000000"], ["56931.00000000", "0.00020000"]], "a": [["63261.15000000", "0.00317000"], ["63262.28000000", "0.11971000"], ["63276.61000000", "0.22250000"], ["63280.73000000", "0.12523000"], ["63311.77000000", "0.27568000"], ["63339.77000000", "0.66521000"]]}
{"e": "depthUpdate", "E": 1727121527714, "s": "BTCUSDT", "U": 52040007338, "u": 52040007468, "b": [["63257.27000000", "0.00000000"], ["63257.03000000", "0.00000000"], ["63257.02000000", "0.00000000"], ["63257.00000000", "0.00000000"], ["63256.50000000", "0.00000000"], ["63256.41000000", "0.00000000"], ["63256.40000000", "0.59877000"], ["63256.01000000", "0.00009000"], ["63255.76000000", "0.00009000"], ["63255.51000000", "0.00012000"], ["63255.50000000", "0.00072000"], ["63254.63000000", "0.00000000"], ["63252.00000000", "0.02922000"], ["63251.50000000", "0.00094000"], ["63251.46000000", "0.00039000"], ["63250.01000000", "0.00000000"], ["63249.37000000", "0.14404000"], ["63247.05000000", "0.00052000"], ["63246.04000000", "0.11255000"], ["63245.51000000", "0.25341000"], ["63232.36000000", "0.03996000"], ["63232.35000000", "0.00000000"], ["63230.50000000", "0.00000000"], ["63230.45000000", "0.06324000"], ["63227.55000000", "0.00000000"], ["63192.89000000", "0.18503000"], ["62306.49000000", "0.00000000"]], "a": [["63256.41000000", "6.02547000"], ["63256.42000000", "0.00000000"], ["63256.51000000", "0.00000000"], ["63257.01000000", "0.00000000"], ["63257.03000000", "0.00000000"], ["63257.04000000", "0.00000000"], ["63257.16000000", "0.07830000"], ["63257.27000000", "0.31615000"], ["63257.28000000", "0.15705000"], ["63257.34000000", "0.00021000"], ["63257.35000000", "0.56728000"], ["63257.37000000", "0.00000000"], ["63257.56000000", "0.00038000"], ["63257.68000000", "0.09167000"], ["63257.78000000", "0.00039000"], ["63257.99000000", "0.00069000"], ["63258.93000000", "0.00000000"], ["63261.16000000", "0.52360000"], ["63262.00000000", "0.01038000"], ["63262.28000000", "0.00000000"], ["63263.34000000", "0.00000000"], ["63271.24000000", "0.01687000"], ["63278.38000000", "0.04024000"], ["63278.69000000", "0.00000000"], ["63281.49000000", "0.03374000"], ["63306.34000000", "0.39475000"], ["63315.84000000", "1.02651000"], ["63339.06000000", "0.00000000"]]}
{"e": "depthUpdate", "E": 1727121527814, "s": "BTCUSDT", "U": 52040007469, "u": 52040007500, "b": [["63256.40000000", "0.72414000"], ["63255.51000000", "0.00021000"], ["63255.50000000", "0.08410000"], ["63250.07000000", "0.00024000"], ["63250.01000000", "0.28423000"], ["63249.37000000", "0.00000000"], ["63243.41000000", "0.11125000"], ["63232.49000000", "0.04017000"], ["63232.36000000", "0.00000000"], ["63184.32000000", "0.00000000"], ["63156.40000000", "0.01000000"]], "a": [["63256.41000000", "6.46165000"], ["63257.28000000", "0.15586000"], ["63257.41000000", "0.00000000"], ["63258.39000000", "0.00000000"], ["63260.72000000", "0.00000000"], ["63260.83000000", "0.31421000"], ["63266.50000000", "0.04530000"], ["63281.49000000", "0.00000000"], ["63337.96000000", "0.28515000"], ["63357.28000000", "0.00000000"]]}
{"e": "depthUpdate", "E": 1727121527914, "s": "BTCUSDT", "U": 52040007501, "u": 52040007514, "b": [["63255.51000000", "0.00012000"], ["63255.50000000", "0.02666000"], ["63250.01000000", "0.28419000"], ["63249.37000000", "0.00000000"], ["63232.68000000", "0.03987000"], ["63232.49000000", "0.00039000"], ["63222.00000000", "0.26456000"]], "a": [["63256.42000000", "0.00050000"], ["63257.27000000", "0.31675000"]]}
{"e": "depthUpdate", "E": 1727121528014, "s": "BTCUSDT", "U": 52040007515, "u": 52040007525, "b": [["63256.40000000", "0.57789000"], ["63255.51000000", "0.00021000"], ["63255.50000000", "0.10738000"], ["63232.84000000", "0.04017000"], ["63232.68000000", "0.00000000"], ["63229.19000000", "0.14501000"]], "a": []}
{"e": "depthUpdate", "E": 1727121528114, "s": "BTCUSDT", "U": 52040007526, "u": 52040007545, "b": [["63256.40000000", "0.57799000"], ["63255.51000000", "0.00012000"], ["63255.50000000", "0.00063000"], ["63255.49000000", "0.00013000"], ["63254.44000000", "0.31616000"], ["63250.01000000", "0.00000000"], ["63249.37000000", "0.14409000"], ["63238.67000000", "0.22250000"], ["63232.90000000", "0.04034000"], ["63232.84000000", "0.00000000"], ["63227.55000000", "0.19015000"], ["63224.44000000", "0.11125000"], ["63192.89000000", "0.00000000"], ["63157.27000000", "0.00000000"]], "a": [["63256.41000000", "6.46194000"], ["63258.02000000", "0.00000000"], ["63356.41000000", "0.88190000"]]}
{"e": "depthUpdate", "E": 1727121528214, "s": "BTCUSDT", "U": 52040007546, "u": 52040007549, "b": [["63254.45000000", "0.18981000"], ["63250.01000000", "0.28417000"], ["63249.37000000", "0.00000000"]], "a": [["63257.32000000", "0.00000000"]]}
{"e": "depthUpdate", "E": 1727121528314, "s": "BTCUSDT", "U": 52040007550, "u": 52040007552, "b": [["63233.93000000", "0.22250000"]], "a": [["63256.41000000", "6.46509000"], ["63375.10000000", "0.00000000"]]}
{"e": "depthUpdate", "E": 1727121528514, "s": "BTCUSDT", "U": 52040007553, "u": 52040007556, "b": [["63233.03000000", "0.04027000"], ["63232.90000000", "0.00000000"], ["33000.00000000", "8.04066000"]], "a": []}
{"e": "depthUpdate", "E": 1727121528614, "s": "BTCUSDT", "U": 52040007557, "u": 52040007565, "b": [["63254.45000000", "0.13777000"], ["63233.07000000", "0.03999000"], ["63233.03000000", "0.00000000"], ["63229.19000000", "0.25626000"]], "a": [["63284.04000000", "0.23488000"], ["63290.26000000", "0.90519000"], ["63347.64000000", "1.07961000"], ["63475.68000000", "0.00000000"]]}
{"e": "depthUpdate", "E": 1727121528714, "s": "BTCUSDT", "U": 52040007566, "u": 52040007585, "b": [["63256.40000000", "0.72927000"], ["63243.41000000", "0.22250000"], ["63233.22000000", "0.03995000"], ["63233.07000000", "0.00000000"], ["63222.50000000", "0.00000000"], ["63222.00000000", "0.26456000"], ["56931.00000000", "0.00000000"], ["56930.00000000", "0.00060000"]], "a": [["63256.41000000", "6.19317000"], ["63297.14000000", "0.03161000"], ["63316.54000000", "0.00000000"], ["63316.94000000", "0.08695000"], ["63437.60000000", "0.00000000"], ["63438.00000000", "0.08695000"]]}
{"e": "depthUpdate", "E": 1727121528814, "s": "BTCUSDT", "U": 52040007586, "u": 52040007596, "b": [["63256.40000000", "0.70734000"], ["63243.41000000", "0.11125000"], ["63238.67000000", "0.22250000"], ["63233.38000000", "0.04005000"], ["63233.22000000", "0.00000000"]], "a": [["63256.41000000", "5.95967000"], ["63261.16000000", "0.29010000"], ["63262.00000000", "0.01000000"], ["63263.88000000", "0.00000000"], ["63416.65000000", "0.00000000"], ["63417.49000000", "0.01130000"]]}
{"e": "depthUpdate", "E": 1727121528914, "s": "BTCUSDT", "U": 52040007597, "u": 52040007602, "b": [["63248.51000000", "0.01581000"], ["63248.36000000", "0.00000000"]], "a": [["63257.56000000", "0.00000000"], ["63260.83000000", "0.00000000"], ["63536.90000000", "0.01581000"], ["63536.93000000", "0.00000000"], ["63736.53000000", "0.00238000"], ["63754.34000000", "0.00000000"], ["63767.35000000", "0.00205000"], ["63785.16000000", "0.00000000"]]}
{"e": "depthUpdate", "E": 1727121529014, "s": "BTCUSDT", "U": 52040007603, "u": 52040007611, "b": [["63256.40000000", "0.70734000"], ["63233.52000000", "0.04008000"], ["63233.38000000", "0.00009000"], ["63222.50000000", "0.00000000"], ["63222.00000000", "0.02902000"], ["56930.00000000", "0.00060000"]], "a": []}
{"e": "depthUpdate", "E": 1727121529114, "s": "BTCUSDT", "U": 52040007612, "u": 52040007616, "b": [["63233.67000000", "0.03992000"], ["63233.52000000", "0.00000000"], ["58203.69000000", "0.00018000"]], "a": [["63257.68000000", "0.00000000"], ["63348.22000000", "0.00000000"]]}
{"e": "depthUpdate", "E": 1727121529214, "s": "BTCUSDT", "U": 52040007617, "u": 52040007628, "b": [["63248.50000000", "0.00799000"], ["63248.16000000", "0.11125000"], ["63243.41000000", "0.22250000"], ["63233.72000000", "0.04008000"], ["63233.67000000", "0.00000000"], ["63222.00000000", "0.26456000"], ["22772.31000000", "0.00027000"], ["13666.00000000", "0.03604000"]], "a": [["63256.45000000", "0.00094000"], ["63278.38000000", "0.00000000"], ["63347.64000000", "0.75775000"], ["63387.00000000", "1.84540000"]]}
{"e": "depthUpdate", "E": 1727121529314, "s": "BTCUSDT", "U": 52040007629, "u": 52040007636, "b": [["63256.40000000", "0.70995000"], ["63233.73000000", "0.03992000"], ["63233.72000000", "0.00000000"]], "a": [["63280.45000000", "0.03997000"], ["63285.53000000", "0.00275000"], ["63338.98000000", "4.20475000"], ["63356.41000000", "0.89190000"], ["63387.00000000", "0.00000000"]]}
{"e": "depthUpdate", "E": 1727121529414, "s": "BTCUSDT", "U": 52040007637, "u": 52040007648, "b": [["63256.40000000", "0.70930000"], ["63156.40000000", "0.00000000"], ["56930.00000000", "0.00060000"]], "a": [["63265.10000000", "0.00000000"], ["63280.29000000", "0.04020000"], ["63280.45000000", "0.00000000"], ["63344.22000000", "1.97406000"], ["63356.41000000", "0.90190000"], ["63556.21000000", "0.00000000"], ["63651.26000000", "0.00000000"], ["64567.44000000", "0.00012000"]]}
{"e": "depthUpdate", "E": 1727121529514, "s": "BTCUSDT", "U": 52040007649, "u": 52040007666, "b": [["63256.40000000", "0.71027000"], ["63233.87000000", "0.04029000"], ["63233.73000000", "0.00000000"], ["63231.38000000", "0.00475000"], ["63222.50000000", "0.23554000"], ["63222.00000000", "0.02902000"], ["62308.41000000", "0.00000000"], ["56930.00000000", "0.00060000"], ["33000.00000000", "8.04066000"]], "a": [["63256.41000000", "5.78754000"], ["63280.28000000", "0.04016000"], ["63280.29000000", "0.00000000"], ["63547.69000000", "0.00015000"], ["63642.72000000", "0.00029000"], ["64206.14000000", "0.00000000"], ["64564.22000000", "0.07762000"]]}
{"e": "depthUpdate", "E": 1727121529614, "s": "BTCUSDT", "U": 52040007667, "u": 52040007674, "b": [["63233.88000000", "0.59268000"], ["63233.87000000", "0.00000000"], ["63222.50000000", "0.00000000"], ["63222.00000000", "0.26456000"], ["58203.69000000", "0.00000000"]], "a": [["63256.41000000", "5.79362000"], ["63295.99000000", "0.37926000"], ["63337.96000000", "2.48721000"]]}
{"e": "depthUpdate", "E": 1727121529714, "s": "BTCUSDT", "U": 52040007675, "u": 52040007695, "b": [["63233.89000000", "0.03986000"], ["63233.88000000", "0.55266000"], ["63222.50000000", "0.23554000"], ["63222.00000000", "0.02902000"], ["63210.45000000", "0.00000000"], ["63208.01000000", "0.00379000"], ["63166.70000000", "0.05376000"], ["63136.77000000", "0.00000000"], ["63131.80000000", "0.00158000"], ["56930.00000000", "0.00060000"]], "a": [["63256.41000000", "5.52937000"], ["63257.77000000", "0.04054000"], ["63258.52000000", "0.09095000"], ["63259.18000000", "0.00000000"], ["63260.84000000", "0.00000000"], ["63261.13000000", "0.00000000"], ["63268.90000000", "0.00000000"], ["63303.99000000", "0.00394000"], ["63306.68000000", "0.00000000"], ["63317.64000000", "0.00394000"], ["63322.51000000", "1.10868000"], ["63367.26000000", "0.00158000"], ["63375.78000000", "0.00000000"], ["63380.78000000", "0.00158000"], ["63389.99000000", "0.00000000"]]}
{"e": "depthUpdate", "E": 1727121529814, "s": "BTCUSDT", "U": 52040007696, "u": 52040007710, "b": [["63234.05000000", "0.59226000"], ["63233.89000000", "0.00000000"], ["63222.50000000", "0.00000000"], ["63222.00000000", "0.26456000"], ["63193.04000000", "0.00000000"], ["63190.26000000", "0.00271000"], ["63152.79000000", "0.00035000"], ["63129.99000000", "0.00000000"], ["63126.78000000", "0.00271000"], ["63094.55000000", "0.00029000"]], "a": [["63257.28000000", "0.14006000"], ["63270.61000000", "1.00000000"], ["63307.99000000", "0.00180000"], ["63323.99000000", "0.00123000"], ["63328.24000000", "0.00000000"], ["63342.84000000", "0.00000000"], ["63365.66000000", "0.00150000"], ["63387.14000000", "0.00123000"], ["63395.32000000", "0.00000000"]]}
{"e": "depthUpdate", "E": 1727121529915, "s": "BTCUSDT", "U": 52040007711, "u": 52040007718, "b": [["63256.00000000", "0.00369000"], ["63248.50000000", "0.00023000"], ["62373.88000000", "0.00072000"]], "a": [["63270.30000000", "0.39475000"], ["63270.60000000", "0.60001000"], ["63271.83000000", "0.00000000"], ["63271.87000000", "0.22250000"]]}
{"e": "depthUpdate", "E": 1727121530014, "s": "BTCUSDT", "U": 52040007719, "u": 52040007922, "b": [["63256.40000000", "2.75502000"], ["63256.02000000", "0.01302000"], ["63256.01000000", "0.24000000"], ["63255.76000000", "0.00000000"], ["63255.71000000", "0.04000000"], ["63255.69000000", "0.00017000"], ["63255.50000000", "0.31679000"], ["63254.45000000", "0.00000000"], ["63254.44000000", "0.00000000"], ["63253.63000000", "0.12922000"], ["63253.43000000", "0.00000000"], ["63252.62000000", "0.00032000"], ["63249.74000000", "0.05699000"], ["63248.84000000", "0.00000000"], ["63248.71000000", "0.00000000"], ["63248.16000000", "0.11125000"], ["63248.14000000", "0.00000000"], ["63247.46000000", "0.33160000"], ["63246.87000000", "0.26873000"], ["63246.57000000", "0.00000000"], ["63246.13000000", "0.00000000"], ["63245.97000000", "0.00000000"], ["63245.46000000", "0.00000000"], ["63244.41000000", "0.03150000"], ["63244.28000000", "0.00159000"], ["63243.42000000", "0.04975000"], ["63243.41000000", "0.11125000"], ["63242.22000000", "0.03952000"], ["63241.40000000", "0.05199000"], ["63240.96000000", "0.00000000"], ["63240.70000000", "0.00000000"], ["63237.84000000", "0.11121000"], ["63237.48000000", "0.03990000"], ["63237.38000000", "0.00000000"], ["63236.07000000", "0.00000000"], ["63234.50000000", "0.39520000"], ["63234.05000000", "0.55266000"], ["63233.60000000", "0.00000000"], ["63232.50000000", "0.04652000"], ["63230.90000000", "0.00000000"], ["63230.47000000", "0.00000000"], ["63230.40000000", "0.23554000"], ["63229.51000000", "0.00000000"], ["63229.10000000", "0.00058000"], ["63227.99000000", "0.07904000"], ["63227.80000000", "0.00000000"], ["63226.01000000", "0.00000000"], ["63224.30000000", "0.00000000"], ["63224.00000000", "0.02879000"], ["63222.29000000", "0.00000000"], ["63222.00000000", "0.02902000"], ["63214.56000000", "0.11971000"], ["63211.47000000", "0.00000000"], ["63192.39000000", "0.00000000"], ["63145.50000000", "0.00000000"]], "a": [["63256.41000000", "0.85827000"], ["63256.44000000", "0.00009000"], ["63257.03000000", "0.00009000"], ["63257.04000000", "0.00000000"], ["63257.15000000", "0.00000000"], ["63257.16000000", "0.03980000"], ["63257.26000000", "0.00000000"], ["63257.28000000", "0.00000000"], ["63257.29000000", "0.28640000"], ["63257.35000000", "0.55190000"], ["63257.77000000", "0.00000000"], ["63258.52000000", "0.00000000"], ["63259.17000000", "0.00000000"], ["63259.52000000", "0.00000000"], ["63261.15000000", "0.17727000"], ["63261.16000000", "0.03990000"], ["63261.41000000", "0.00000000"], ["63261.42000000", "0.00000000"], ["63261.89000000", "0.00000000"], ["63261.90000000", "0.00000000"], ["63262.01000000", "0.00000000"], ["63262.10000000", "0.00000000"], ["63262.38000000", "0.11125000"], ["63262.51000000", "0.00000000"], ["63264.70000000", "0.00000000"], ["63264.84000000", "0.53024000"], ["63264.99000000", "0.00000000"], ["63265.15000000", "0.00000000"], ["63266.48000000", "0.00000000"], ["63266.50000000", "0.01156000"], ["63266.63000000", "0.28000000"], ["63266.88000000", "0.00000000"], ["63268.37000000", "0.39475000"], ["63268.38000000", "0.00000000"], ["63268.57000000", "0.00000000"], ["63268.80000000", "0.00000000"], ["63269.50000000", "0.00063000"], ["63269.99000000", "0.03374000"], ["63270.06000000", "0.00000000"], ["63270.30000000", "0.39475000"], ["63270.61000000", "0.00000000"], ["63270.96000000", "0.05690000"], ["63271.84000000", "0.00000000"], ["63271.87000000", "0.00000000"], ["63273.90000000", "0.00000000"], ["63273.93000000", "0.00000000"], ["63275.77000000", "0.00156000"], ["63275.82000000", "0.39519000"], ["63276.61000000", "0.00000000"], ["63277.77000000", "0.00000000"], ["63277.86000000", "0.00000000"], ["63278.30000000", "0.00000000"], ["63279.46000000", "0.00000000"], ["63279.56000000", "0.00000000"], ["63279.59000000", "0.00000000"], ["63280.28000000", "0.00000000"], ["63280.74000000", "0.00000000"], ["63283.91000000", "0.00000000"], ["63284.04000000", "0.00000000"], ["63285.22000000", "0.00000000"], ["63287.35000000", "0.00000000"], ["63288.82000000", "0.00000000"], ["63289.10000000", "0.00008000"], ["63289.54000000", "0.23488000"], ["63289.64000000", "0.00000000"], ["63295.60000000", "0.00000000"], ["63295.97000000", "0.06337000"], ["63303.17000000", "0.00000000"], ["63314.87000000", "0.00000000"], ["63315.84000000", "0.63176000"], ["63329.19000000", "0.00000000"], ["63338.98000000", "0.01106000"], ["63347.04000000", "0.16970000"], ["63364.38000000", "0.31561000"], ["64438.64000000", "0.00000000"], ["64445.08000000", "0.07761000"], ["64564.22000000", "0.00000000"]]}
{"e": "depthUpdate", "E": 1727121530114, "s": "BTCUSDT", "U": 52040007923, "u": 52040008121, "b": [["63257.26000000", "4.11973000"], ["63257.25000000", "0.00000000"], ["63257.15000000", "0.00000000"], ["63257.02000000", "1.26729000"], ["63257.00000000", "0.00245000"], ["63256.50000000", "0.00051000"], ["63256.44000000", "0.00000000"], ["63256.43000000", "0.00000000"], ["63256.41000000", "0.60125000"], ["63256.40000000", "0.31359000"], ["63256.00000000", "0.00062000"], ["63255.50000000", "0.00063000"], ["63254.63000000", "0.00039000"], ["63254.11000000", "0.03162000"], ["63252.32000000", "0.00000000"], ["63252.00000000", "0.02902000"], ["63251.50000000", "0.00000000"], ["63248.16000000", "0.00000000"], ["63247.47000000", "0.19902000"], ["63246.87000000", "0.00000000"], ["63246.04000000", "0.00000000"], ["63244.08000000", "0.07607000"], ["63243.42000000", "0.00000000"], ["63243.41000000", "0.00000000"], ["63242.22000000", "0.00000000"], ["63241.40000000", "0.00000000"], ["63240.60000000", "0.39518000"], ["63240.01000000", "0.47370000"], ["63239.92000000", "0.00000000"], ["63239.35000000", "0.03983000"], ["63239.01000000", "0.00017000"], ["63238.67000000", "0.00000000"], ["63238.04000000", "0.11987000"], ["63237.48000000", "0.00000000"], ["63234.50000000", "0.00000000"], ["63233.93000000", "0.11125000"], ["63233.81000000", "0.04975000"], ["63230.44000000", "0.00000000"], ["63230.40000000", "0.00000000"], ["63229.50000000", "0.05199000"], ["63228.57000000", "0.00046000"], ["63227.99000000", "0.00000000"], ["63216.01000000", "0.00000000"], ["63215.57000000", "0.07190000"], ["63207.63000000", "0.00000000"], ["63201.94000000", "0.13854000"], ["63032.80000000", "0.00197000"], ["63025.50000000", "0.00000000"]], "a": [["63256.41000000", "0.00000000"], ["63256.42000000", "0.00000000"], ["63256.44000000", "0.00000000"], ["63256.45000000", "0.00000000"], ["63257.03000000", "0.00000000"], ["63257.15000000", "0.00000000"], ["63257.16000000", "0.00000000"], ["63257.26000000", "0.00000000"], ["63257.27000000", "0.31675000"], ["63257.29000000", "0.00000000"], ["63257.35000000", "0.00000000"], ["63257.78000000", "0.00000000"], ["63257.80000000", "0.00000000"], ["63257.94000000", "0.00000000"], ["63257.98000000", "0.00000000"], ["63257.99000000", "0.00000000"], ["63258.50000000", "0.00009000"], ["63258.85000000", "0.00069000"], ["63260.42000000", "0.03162000"], ["63260.94000000", "0.00039000"], ["63261.15000000", "0.00317000"], ["63261.23000000", "0.13367000"], ["63262.28000000", "0.25342000"], ["63263.86000000", "0.00000000"], ["63263.93000000", "0.00000000"], ["63264.16000000", "0.08935000"], ["63264.84000000", "0.00000000"], ["63265.77000000", "0.00000000"], ["63266.19000000", "0.00040000"], ["63266.31000000", "0.00040000"], ["63268.33000000", "0.64721000"], ["63269.99000000", "0.00000000"], ["63270.29000000", "0.00000000"], ["63270.60000000", "0.00000000"], ["63270.95000000", "0.01705000"], ["63270.96000000", "0.00000000"], ["63271.24000000", "0.00000000"], ["63272.60000000", "0.05061000"], ["63273.65000000", "0.05698000"], ["63273.91000000", "0.00000000"], ["63274.84000000", "0.33160000"], ["63275.50000000", "0.00000000"], ["63276.71000000", "0.00000000"], ["63277.99000000", "0.01706000"], ["63278.98000000", "0.00000000"], ["63279.45000000", "0.00000000"], ["63279.88000000", "0.00000000"], ["63279.92000000", "0.00039000"], ["63281.58000000", "0.01489000"], ["63287.04000000", "0.08522000"], ["63287.74000000", "0.00037000"], ["63287.79000000", "0.04036000"], ["63289.00000000", "0.00168000"], ["63289.54000000", "0.00000000"], ["63293.25000000", "0.00000000"], ["63318.45000000", "0.00000000"], ["63337.24000000", "0.03161000"], ["63337.96000000", "0.28515000"]]}
{"e": "depthUpdate", "E": 1727121530214, "s": "BTCUSDT", "U": 52040008122, "u": 52040008220, "b": [["63257.26000000", "4.75315000"], ["63256.40000000", "0.31249000"], ["63254.98000000", "0.05690000"], ["63254.32000000", "0.19131000"], ["63253.63000000", "0.00000000"], ["63253.12000000", "0.11996000"], ["63251.39000000", "0.04670000"], ["63250.93000000", "0.11087000"], ["63249.74000000", "0.00009000"], ["63249.71000000", "0.26873000"], ["63248.13000000", "0.03960000"], ["63246.03000000", "0.00000000"], ["63245.52000000", "1.10868000"], ["63244.14000000", "0.00000000"], ["63241.42000000", "0.04004000"], ["63240.13000000", "1.20783000"], ["63239.35000000", "0.00000000"], ["63238.64000000", "0.07904000"], ["63237.31000000", "0.05064000"], ["63236.57000000", "0.00000000"], ["63230.14000000", "0.00000000"], ["63229.19000000", "0.22250000"], ["63222.61000000", "0.00008000"], ["63218.94000000", "0.00056000"], ["63212.10000000", "0.00023000"], ["63209.30000000", "0.00000000"], ["63206.32000000", "0.00000000"], ["63152.79000000", "0.00000000"], ["63094.55000000", "0.00000000"], ["63060.48000000", "0.00000000"]], "a": [["63258.50000000", "0.00000000"], ["63258.51000000", "0.00000000"], ["63258.84000000", "0.00009000"], ["63259.50000000", "0.00000000"], ["63259.51000000", "0.00000000"], ["63259.84000000", "0.00009000"], ["63261.23000000", "0.00000000"], ["63262.28000000", "0.00000000"], ["63264.16000000", "0.00000000"], ["63264.29000000", "0.00000000"], ["63264.87000000", "0.62613000"], ["63266.63000000", "0.12000000"], ["63268.33000000", "0.14262000"], ["63268.34000000", "0.00000000"], ["63268.83000000", "0.16000000"], ["63269.84000000", "0.05877000"], ["63270.29000000", "0.23690000"], ["63270.95000000", "0.00000000"], ["63271.99000000", "0.00000000"], ["63272.60000000", "0.00000000"], ["63273.65000000", "0.00008000"], ["63274.97000000", "0.00000000"], ["63275.77000000", "0.00000000"], ["63275.82000000", "0.00000000"], ["63276.38000000", "0.47370000"], ["63277.94000000", "0.00000000"], ["63278.53000000", "0.05061000"], ["63278.69000000", "0.05690000"], ["63279.44000000", "0.39516000"], ["63281.49000000", "0.00156000"], ["63286.11000000", "0.26847000"], ["63287.26000000", "0.00000000"], ["63287.32000000", "0.00000000"], ["63287.34000000", "1.10885000"], ["63289.77000000", "0.00115000"], ["63290.25000000", "0.03150000"], ["63292.94000000", "0.00115000"], ["63307.99000000", "0.00000000"], ["63330.08000000", "0.19393000"], ["63356.97000000", "0.06143000"], ["63359.20000000", "0.04498000"], ["63365.65000000", "0.04698000"], ["63365.66000000", "0.00000000"], ["63382.43000000", "0.00000000"], ["63385.79000000", "1.21382000"], ["64445.08000000", "0.00000000"]]}
{"e": "depthUpdate", "E": 1727121530314, "s": "BTCUSDT", "U": 52040008221, "u": 52040008563, "b": [["63261.16000000", "1.76227000"], ["63261.15000000", "1.42526000"], ["63261.14000000", "0.31660000"], ["63261.13000000", "0.00000000"], ["63260.88000000", "0.00000000"], ["63260.84000000", "0.00000000"], ["63260.82000000", "0.00000000"], ["63260.74000000", "0.00000000"], ["63260.73000000", "0.00000000"], ["63260.72000000", "0.67250000"], ["63260.71000000", "0.00000000"], ["63260.53000000", "0.07830000"], ["63260.50000000", "0.00026000"], ["63260.42000000", "0.00000000"], ["63260.41000000", "0.29995000"], ["63260.40000000", "0.00000000"], ["63260.15000000", "0.00000000"], ["63260.00000000", "0.00000000"], ["63259.84000000", "0.00000000"], ["63259.83000000", "0.00000000"], ["63258.84000000", "0.00000000"], ["63258.83000000", "0.00000000"], ["63258.82000000", "0.00000000"], ["63258.52000000", "0.00457000"], ["63257.33000000", "0.14937000"], ["63257.32000000", "0.00000000"], ["63257.27000000", "0.00000000"], ["63257.26000000", "0.16911000"], ["63257.00000000", "0.00000000"], ["63256.41000000", "0.03850000"], ["63256.40000000", "0.13180000"], ["63255.45000000", "0.00000000"], ["63254.11000000", "0.00000000"], ["63253.33000000", "0.04670000"], ["63253.12000000", "0.00025000"], ["63253.05000000", "0.25342000"], ["63251.29000000", "0.00000000"], ["63250.86000000", "0.00012000"], ["63250.15000000", "0.11971000"], ["63247.47000000", "0.00000000"], ["63246.01000000", "0.66528000"], ["63245.51000000", "0.00000000"], ["63244.79000000", "0.04975000"], ["63241.43000000", "0.04014000"], ["63241.42000000", "0.00000000"], ["63240.61000000", "0.72478000"], ["63240.52000000", "0.05199000"], ["63240.10000000", "0.00000000"], ["63239.86000000", "1.00000000"], ["63236.99000000", "0.39824000"], ["63233.81000000", "0.00000000"], ["63233.60000000", "0.00000000"], ["63229.50000000", "0.00000000"], ["63216.50000000", "0.00356000"], ["63216.41000000", "0.00354000"], ["63206.55000000", "0.66527000"], ["63152.79000000", "0.00035000"], ["63151.01000000", "0.00232000"], ["63147.00000000", "0.00000000"], ["63094.55000000", "0.00029000"], ["56931.00000000", "0.00020000"], ["56930.00000000", "0.00040000"], ["22772.62000000", "0.00162000"]], "a": [["63257.27000000", "0.00000000"], ["63257.34000000", "0.00000000"], ["63258.84000000", "0.00000000"], ["63258.85000000", "0.00000000"], ["63259.84000000", "0.00000000"], ["63259.85000000", "0.00000000"], ["63260.41000000", "0.00000000"], ["63260.42000000", "0.00000000"], ["63260.72000000", "0.00000000"], ["63260.73000000", "0.00000000"], ["63260.89000000", "0.00000000"], ["63260.94000000", "0.00000000"], ["63261.14000000", "0.00000000"], ["63261.15000000", "0.00000000"], ["63261.16000000", "0.00000000"], ["63261.17000000", "0.01204000"], ["63261.75000000", "0.00009000"], ["63261.76000000", "0.25158000"], ["63262.38000000", "0.00000000"], ["63263.72000000", "0.00000000"], ["63264.10000000", "0.00000000"], ["63264.30000000", "0.00000000"], ["63265.12000000", "0.00000000"], ["63265.33000000", "0.13367000"], ["63266.63000000", "0.00000000"], ["63266.66000000", "0.00000000"], ["63268.73000000", "0.12000000"], ["63269.84000000", "0.00000000"], ["63272.98000000", "0.19449000"], ["63277.99000000", "0.00000000"], ["63278.53000000", "0.00000000"], ["63279.71000000", "0.05061000"], ["63279.99000000", "0.00000000"], ["63281.10000000", "0.00000000"], ["63281.58000000", "0.00000000"], ["63282.57000000", "0.01489000"], ["63282.74000000", "0.00000000"], ["63283.80000000", "0.00000000"], ["63285.53000000", "0.00000000"], ["63286.99000000", "0.00000000"], ["63287.74000000", "0.00000000"], ["63289.00000000", "0.00000000"], ["63289.10000000", "0.00000000"], ["63292.87000000", "0.00037000"], ["63292.93000000", "0.00008000"], ["63293.30000000", "0.00168000"], ["63298.17000000", "0.00000000"], ["63298.86000000", "0.00000000"], ["63303.99000000", "0.00000000"], ["63306.34000000", "0.45589000"], ["63307.99000000", "0.00394000"], ["63312.06000000", "0.07397000"], ["63317.64000000", "0.00000000"], ["63321.73000000", "0.00393000"], ["63330.08000000", "0.00000000"], ["63339.70000000", "0.04598000"], ["63351.98000000", "0.00000000"], ["63356.40000000", "0.00008000"], ["63356.41000000", "0.89190000"], ["63357.27000000", "0.01000000"], ["63357.65000000", "0.04598000"], ["63358.77000000", "0.04498000"], ["63385.99000000", "0.00000000"]]}
{"e": "depthUpdate", "E": 1727121530414, "s": "BTCUSDT", "U": 52040008564, "u": 52040008724, "b": [["63261.75000000", "4.32514000"], ["63261.74000000", "0.00000000"], ["63261.17000000", "0.00000000"], ["63261.16000000", "0.40987000"], ["63261.15000000", "0.32490000"], ["63261.14000000", "0.00000000"], ["63260.72000000", "0.07830000"], ["63260.53000000", "0.03850000"], ["63259.86000000", "0.00457000"], ["63258.52000000", "0.00000000"], ["63257.26000000", "0.16792000"], ["63257.03000000", "0.00000000"], ["63257.02000000", "0.00000000"], ["63256.42000000", "0.14402000"], ["63256.40000000", "0.09280000"], ["63256.02000000", "0.00000000"], ["63253.06000000", "0.15209000"], ["63252.90000000", "0.00000000"], ["63252.07000000", "0.00000000"], ["63241.44000000", "0.03974000"], ["63241.43000000", "0.00000000"], ["63240.99000000", "0.02281000"], ["63237.37000000", "0.00000000"], ["63236.00000000", "1.24454000"], ["63218.14000000", "0.00000000"], ["63211.46000000", "0.16970000"], ["63211.41000000", "0.16970000"], ["63207.71000000", "0.00000000"], ["63189.58000000", "0.00000000"], ["63189.24000000", "0.00000000"], ["63119.50000000", "0.00017000"], ["63112.67000000", "0.00000000"], ["63104.40000000", "0.83734000"], ["63046.50000000", "1.69580000"], ["63022.30000000", "2.56214000"], ["62990.70000000", "2.51925000"], ["62959.10000000", "2.54723000"], ["62917.10000000", "5.12361000"], ["62853.90000000", "8.18552000"], ["62795.80000000", "3.25189000"], ["62503.90000000", "1.69556000"], ["62063.30000000", "1.68676000"], ["61839.00000000", "0.81473000"], ["61746.70000000", "0.85745000"]], "a": [["63261.17000000", "0.00000000"], ["63261.75000000", "0.00000000"], ["63261.76000000", "0.32626000"], ["63261.99000000", "0.00009000"], ["63263.99000000", "0.00009000"], ["63264.86000000", "0.00009000"], ["63266.49000000", "0.25342000"], ["63268.73000000", "0.04000000"], ["63268.83000000", "0.00000000"], ["63269.83000000", "0.08000000"], ["63270.93000000", "0.16000000"], ["63278.97000000", "0.00469000"], ["63280.73000000", "0.00000000"], ["63280.74000000", "0.39475000"], ["63284.88000000", "0.00000000"], ["63291.07000000", "1.18117000"], ["63291.70000000", "0.00000000"], ["63291.75000000", "0.00000000"], ["63292.32000000", "0.00000000"], ["63294.78000000", "0.00217000"], ["63295.55000000", "1.52204000"], ["63295.61000000", "0.00000000"], ["63296.17000000", "0.00000000"], ["63300.47000000", "0.00364000"], ["63304.08000000", "0.00362000"], ["63304.21000000", "0.00354000"], ["63308.73000000", "0.00180000"], ["63344.22000000", "0.00000000"], ["63365.64000000", "0.04598000"], ["63365.66000000", "0.00150000"], ["63407.20000000", "0.84019000"], ["63469.90000000", "1.65526000"], ["63498.40000000", "2.52478000"], ["63530.00000000", "3.27881000"], ["63561.70000000", "2.48608000"], ["63676.60000000", "4.98188000"], ["63771.60000000", "4.47798000"]]}
{"e": "depthUpdate", "E": 1727121530514, "s": "BTCUSDT", "U": 52040008725, "u": 52040008752, "b": [["63261.75000000", "4.32633000"], ["63261.16000000", "0.40868000"], ["63252.90000000", "0.11125000"], ["63249.41000000", "0.39475000"], ["63248.16000000", "0.11125000"], ["63241.45000000", "0.03996000"], ["63241.44000000", "0.00000000"], ["63239.01000000", "0.39492000"], ["63234.49000000", "0.00000000"], ["63233.60000000", "0.23554000"], ["63034.90000000", "0.09998000"], ["63032.80000000", "0.00000000"], ["33000.00000000", "8.04066000"]], "a": [["63264.26000000", "0.00009000"], ["63264.27000000", "0.27199000"], ["63264.86000000", "0.00000000"], ["63277.86000000", "0.39475000"], ["63283.99000000", "0.00000000"], ["63295.97000000", "0.00000000"], ["63295.99000000", "0.00000000"], ["63303.13000000", "0.06337000"], ["63344.23000000", "1.83330000"], ["63369.20000000", "0.00000000"]]}
{"e": "depthUpdate", "E": 1727121530614, "s": "BTCUSDT", "U": 52040008753, "u": 52040008849, "b": [["63261.99000000", "3.13935000"], ["63261.98000000", "0.31660000"], ["63261.87000000", "0.56322000"], ["63261.76000000", "1.45123000"], ["63261.75000000", "0.64261000"], ["63261.16000000", "0.09208000"], ["63261.15000000", "0.03850000"], ["63260.72000000", "0.03850000"], ["63257.79000000", "0.00039000"], ["63257.26000000", "0.12942000"], ["63256.41000000", "0.00000000"], ["63256.40000000", "0.09270000"], ["63255.72000000", "0.05983000"], ["63252.90000000", "0.00000000"], ["63251.32000000", "0.00008000"], ["63250.51000000", "0.00159000"], ["63250.24000000", "0.11358000"], ["63250.16000000", "0.47515000"], ["63249.71000000", "0.11065000"], ["63249.36000000", "0.00074000"], ["63244.28000000", "0.00000000"], ["63223.25000000", "0.00354000"]], "a": [["63261.76000000", "0.00000000"], ["63261.99000000", "0.00000000"], ["63262.00000000", "0.01085000"], ["63264.10000000", "0.00039000"], ["63266.50000000", "0.00000000"], ["63267.00000000", "0.00000000"], ["63267.50000000", "0.01281000"], ["63270.45000000", "0.00000000"], ["63270.58000000", "0.00039000"], ["63278.97000000", "0.00000000"], ["63301.91000000", "0.00354000"], ["63331.58000000", "0.19073000"]]}
{"e": "depthUpdate", "E": 1727121530714, "s": "BTCUSDT", "U": 52040008850, "u": 52040009075, "b": [["63264.87000000", "4.09746000"], ["63264.86000000", "0.24660000"], ["63264.85000000", "0.00000000"], ["63264.38000000", "0.07830000"], ["63264.27000000", "1.25286000"], ["63264.26000000", "0.87791000"], ["63264.25000000", "0.00000000"], ["63264.09000000", "0.00000000"], ["63263.99000000", "0.00000000"], ["63262.96000000", "0.12922000"], ["63262.37000000", "0.00457000"], ["63262.02000000", "0.00017000"], ["63262.00000000", "0.00000000"], ["63261.99000000", "0.08148000"], ["63261.98000000", "0.00000000"], ["63261.87000000", "0.03850000"], ["63261.76000000", "0.00010000"], ["63261.75000000", "0.03850000"], ["63261.16000000", "0.05228000"], ["63260.53000000", "0.00000000"], ["63260.42000000", "0.17997000"], ["63260.41000000", "0.00000000"], ["63260.17000000", "0.05690000"], ["63259.86000000", "0.00000000"], ["63257.33000000", "0.11087000"], ["63257.27000000", "0.24999000"], ["63257.26000000", "0.00020000"], ["63257.21000000", "0.00012000"], ["63255.30000000", "0.12703000"], ["63254.98000000", "0.00000000"], ["63254.83000000", "0.31616000"], ["63252.05000000", "0.00000000"], ["63251.58000000", "0.12420000"], ["63251.30000000", "1.10868000"], ["63250.94000000", "0.23757000"], ["63250.25000000", "0.28512000"], ["63250.24000000", "0.00000000"], ["63250.15000000", "0.00000000"], ["63250.01000000", "0.00000000"], ["63249.81000000", "0.02009000"], ["63249.25000000", "0.00000000"], ["63245.66000000", "0.00079000"], ["63243.86000000", "1.20840000"], ["63243.38000000", "0.03960000"], ["63242.85000000", "0.00000000"], ["63241.45000000", "0.00000000"], ["63240.13000000", "0.00000000"], ["63239.86000000", "0.00000000"], ["63233.90000000", "0.00000000"], ["63228.17000000", "0.00000000"], ["63224.22000000", "0.72604000"], ["63218.94000000", "0.00019000"], ["63198.72000000", "0.00000000"], ["63092.12000000", "0.00000000"], ["62623.08000000", "0.00117000"], ["62443.39000000", "0.00072000"]], "a": [["63262.00000000", "0.00000000"], ["63262.02000000", "0.00000000"], ["63263.99000000", "0.00000000"], ["63264.00000000", "0.00000000"], ["63264.08000000", "0.00000000"], ["63264.10000000", "0.00000000"], ["63264.26000000", "0.00000000"], ["63264.27000000", "0.00000000"], ["63264.86000000", "0.00000000"], ["63264.87000000", "0.00000000"], ["63264.88000000", "1.13091000"], ["63265.32000000", "0.00000000"], ["63265.33000000", "0.00000000"], ["63265.96000000", "0.00009000"], ["63266.19000000", "0.00000000"], ["63266.49000000", "0.00000000"], ["63267.06000000", "0.04054000"], ["63267.27000000", "0.00008000"], ["63268.33000000", "0.38707000"], ["63269.78000000", "0.00000000"], ["63269.79000000", "0.00039000"], ["63270.29000000", "0.00000000"], ["63270.94000000", "0.09159000"], ["63271.99000000", "0.11678000"], ["63273.25000000", "0.00000000"], ["63273.62000000", "0.00040000"], ["63274.83000000", "0.00000000"], ["63276.37000000", "0.28428000"], ["63278.69000000", "0.00000000"], ["63279.44000000", "0.00000000"], ["63279.70000000", "0.39832000"], ["63279.71000000", "0.00000000"], ["63280.01000000", "0.00000000"], ["63281.49000000", "0.00000000"], ["63282.56000000", "0.39514000"], ["63283.39000000", "0.05690000"], ["63284.45000000", "0.05061000"], ["63285.09000000", "0.00000000"], ["63287.36000000", "0.00156000"], ["63287.79000000", "0.00000000"], ["63289.11000000", "0.00000000"], ["63292.93000000", "0.00000000"], ["63296.34000000", "0.04883000"], ["63297.99000000", "0.00008000"], ["63343.98000000", "1.05208000"], ["63345.65000000", "0.06737000"], ["63385.79000000", "0.00000000"], ["63389.53000000", "1.21771000"]]}
{"e": "depthUpdate", "E": 1727121530814, "s": "BTCUSDT", "U": 52040009076, "u": 52040009154, "b": [["63264.87000000", "4.50525000"], ["63264.27000000", "0.00000000"], ["63262.97000000", "0.07754000"], ["63262.61000000", "0.09162000"], ["63261.99000000", "0.07988000"], ["63260.42000000", "0.03416000"], ["63256.42000000", "0.00000000"], ["63256.02000000", "0.18973000"], ["63253.06000000", "0.00000000"], ["63252.01000000", "0.66525000"], ["63249.41000000", "0.00000000"], ["63248.16000000", "0.00000000"], ["63247.97000000", "0.05064000"], ["63245.39000000", "0.04095000"], ["63243.38000000", "0.00000000"], ["63239.56000000", "0.01000000"], ["63237.31000000", "0.00000000"], ["63232.41000000", "0.04167000"], ["63230.75000000", "0.01604000"], ["63227.59000000", "0.03127000"], ["63222.37000000", "0.00000000"], ["63217.38000000", "0.00000000"], ["63214.22000000", "0.00000000"], ["63206.73000000", "0.00000000"], ["62437.21000000", "0.00136000"], ["62193.19000000", "0.00000000"], ["60101.62000000", "0.01000000"], ["60094.40000000", "0.00000000"]], "a": [["63264.88000000", "1.13131000"], ["63266.31000000", "0.00000000"], ["63266.59000000", "0.25342000"], ["63267.50000000", "0.00000000"], ["63268.00000000", "0.02800000"], ["63268.37000000", "0.00000000"], ["63268.48000000", "0.26523000"], ["63268.50000000", "0.00000000"], ["63269.00000000", "0.00000000"], ["63269.50000000", "0.00786000"], ["63269.79000000", "0.00000000"], ["63270.30000000", "0.00000000"], ["63270.57000000", "0.13367000"], ["63270.58000000", "0.00000000"], ["63271.50000000", "0.01250000"], ["63272.00000000", "0.02977000"], ["63272.25000000", "0.00040000"], ["63272.50000000", "0.00125000"], ["63273.76000000", "0.00000000"], ["63274.13000000", "0.05932000"], ["63274.71000000", "0.00040000"], ["63277.86000000", "0.00000000"], ["63280.74000000", "0.00000000"], ["63284.45000000", "0.00000000"], ["63285.40000000", "0.05061000"], ["63287.36000000", "0.00000000"], ["63290.19000000", "0.01000000"], ["63293.76000000", "0.03967000"], ["63294.99000000", "0.00156000"], ["63325.32000000", "0.01317000"], ["63432.28000000", "0.00000000"]]}
{"e": "depthUpdate", "E": 1727121530914, "s": "BTCUSDT", "U": 52040009155, "u": 52040009198, "b": [["63264.87000000", "4.02033000"], ["63264.83000000", "0.00079000"], ["63262.61000000", "0.00000000"], ["63257.21000000", "0.00171000"], ["63254.83000000", "0.00000000"], ["63250.51000000", "0.00000000"], ["63250.34000000", "0.03376000"], ["63250.25000000", "0.00000000"], ["63248.52000000", "0.03038000"], ["63247.97000000", "0.01688000"], ["63245.43000000", "0.04017000"], ["63245.39000000", "0.00061000"], ["63243.41000000", "0.11125000"], ["63235.36000000", "0.00000000"], ["63197.59000000", "0.31645000"], ["62179.85000000", "0.00000000"]], "a": [["63264.88000000", "2.38966000"], ["63266.47000000", "0.00000000"], ["63267.12000000", "0.00000000"], ["63268.48000000", "0.00000000"], ["63270.30000000", "0.00000000"], ["63285.40000000", "0.00000000"], ["63285.80000000", "0.00156000"], ["63287.54000000", "0.05061000"], ["63291.24000000", "0.03961000"], ["63291.94000000", "0.00000000"], ["63293.76000000", "0.00000000"], ["63294.99000000", "0.00000000"], ["63323.99000000", "0.00000000"], ["63331.57000000", "0.00123000"]]}
{"e": "depthUpdate", "E": 1727121531014, "s": "BTCUSDT", "U": 52040009199, "u": 52040009243, "b": [["63262.39000000", "0.11125000"], ["63257.28000000", "0.15008000"], ["63256.02000000", "0.00000000"], ["63248.21000000", "1.21014000"], ["63245.43000000", "0.00000000"], ["63243.86000000", "0.00000000"], ["63243.41000000", "0.00000000"], ["63233.60000000", "0.00000000"], ["63220.95000000", "0.00000000"], ["63164.87000000", "0.01031000"], ["63153.07000000", "1.04813000"], ["63141.24000000", "0.00000000"]], "a": [["63264.88000000", "2.38548000"], ["63265.96000000", "0.32130000"], ["63267.12000000", "0.00000000"], ["63268.33000000", "0.00000000"], ["63269.33000000", "0.14256000"], ["63270.30000000", "0.00000000"], ["63272.25000000", "0.00000000"], ["63277.86000000", "0.00000000"], ["63281.36000000", "0.11125000"], ["63286.11000000", "0.15722000"], ["63290.27000000", "0.00000000"], ["63291.04000000", "0.04008000"], ["63291.24000000", "0.00000000"], ["63301.51000000", "1.51548000"], ["63344.23000000", "0.00000000"], ["63356.41000000", "0.88190000"], ["63389.53000000", "0.00000000"], ["63393.89000000", "1.21280000"]]}
{"e": "depthUpdate", "E": 1727121531114, "s": "BTCUSDT", "U": 52040009244, "u": 52040009271, "b": [["63264.87000000", "4.02206000"], ["63262.39000000", "0.00000000"], ["63260.95000000", "0.00039000"], ["63258.89000000", "0.00000000"], ["63256.40000000", "0.09173000"], ["63248.52000000", "0.72236000"], ["63247.29000000", "0.82890000"], ["63242.71000000", "0.03966000"], ["56938.39000000", "0.00060000"], ["56938.00000000", "0.00564000"]], "a": [["63264.88000000", "2.19749000"], ["63265.95000000", "0.51415000"], ["63265.96000000", "0.00000000"], ["63267.27000000", "0.00047000"], ["63291.02000000", "0.03963000"], ["63291.04000000", "0.00000000"], ["63343.98000000", "0.38322000"], ["63344.23000000", "1.81900000"]]}
{"e": "depthUpdate", "E": 1727121531214, "s": "BTCUSDT", "U": 52040009272, "u": 52040009338, "b": [["63264.87000000", "1.15825000"], ["63262.97000000", "0.00000000"], ["63262.96000000", "0.00000000"], ["63262.00000000", "0.14892000"], ["63260.42000000", "0.00000000"], ["63260.17000000", "0.00000000"], ["63257.21000000", "0.00012000"], ["63255.72000000", "0.00000000"], ["63255.38000000", "0.05690000"], ["63253.33000000", "0.00000000"], ["63251.30000000", "0.00000000"], ["63250.34000000", "0.00000000"], ["63250.16000000", "0.00000000"], ["63250.11000000", "0.00159000"], ["63248.45000000", "0.03376000"], ["63247.29000000", "0.00000000"], ["63244.79000000", "0.00000000"], ["63237.62000000", "0.04975000"], ["63236.00000000", "0.02840000"], ["63234.20000000", "0.23554000"], ["63216.89000000", "0.00379000"], ["63208.01000000", "0.00000000"], ["63203.01000000", "0.00393000"], ["63194.09000000", "0.00000000"], ["63153.47000000", "0.00152000"], ["63144.01000000", "0.00000000"], ["63140.01000000", "0.00158000"], ["63131.80000000", "0.00000000"], ["13666.00000000", "0.03786000"]], "a": [["63264.88000000", "4.46610000"], ["63265.94000000", "0.00000000"], ["63265.95000000", "0.00000000"], ["63266.16000000", "0.13367000"], ["63270.57000000", "0.00000000"], ["63278.82000000", "0.05690000"], ["63282.19000000", "1.10868000"], ["63283.39000000", "0.00000000"], ["63289.10000000", "0.03993000"], ["63291.02000000", "0.00000000"], ["63292.63000000", "0.06337000"], ["63303.13000000", "0.00000000"], ["63307.99000000", "0.00000000"], ["63312.64000000", "0.00394000"], ["63321.73000000", "0.00000000"], ["63325.99000000", "0.00394000"], ["63356.40000000", "0.00000000"], ["63360.79000000", "0.00008000"], ["63367.26000000", "0.00000000"], ["63375.78000000", "0.00158000"], ["63380.78000000", "0.00000000"], ["63389.99000000", "0.00158000"]]}
{"e": "depthUpdate", "E": 1727121531314, "s": "BTCUSDT", "U": 52040009339, "u": 52040009384, "b": [["63264.87000000", "1.40832000"], ["63262.00000000", "0.04801000"], ["63258.56000000", "0.12922000"], ["63257.29000000", "0.00040000"], ["63254.70000000", "0.05923000"], ["63253.06000000", "0.15210000"], ["63252.01000000", "0.00000000"], ["63251.39000000", "0.00000000"], ["63249.71000000", "0.00000000"], ["63248.13000000", "0.00008000"], ["63238.64000000", "0.00000000"], ["63224.22000000", "0.72567000"], ["63218.90000000", "0.00037000"], ["63198.97000000", "0.00271000"], ["63190.26000000", "0.00000000"], ["56937.00000000", "0.00251000"], ["56931.00000000", "0.00000000"], ["56741.86000000", "0.00080000"], ["56741.83000000", "0.00000000"]], "a": [["63264.88000000", "3.92099000"], ["63273.62000000", "0.00000000"], ["63274.19000000", "0.05690000"], ["63274.71000000", "0.00000000"], ["63275.52000000", "0.00156000"], ["63275.82000000", "0.39517000"], ["63278.82000000", "0.00000000"], ["63282.56000000", "0.00000000"], ["63282.57000000", "0.00000000"], ["63285.80000000", "0.00000000"], ["63288.56000000", "0.04037000"], ["63289.10000000", "0.00000000"], ["63290.40000000", "0.00168000"], ["63291.54000000", "0.23488000"], ["63293.30000000", "0.00000000"], ["63308.73000000", "0.00000000"], ["63316.48000000", "0.00180000"], ["63357.27000000", "0.00000000"], ["63364.88000000", "0.01000000"], ["63365.66000000", "0.00000000"], ["63373.81000000", "0.00150000"], ["63387.14000000", "0.00000000"], ["63395.90000000", "0.00123000"], ["63430.43000000", "6.25000000"], ["64450.00000000", "2.00500000"]]}
{"e": "depthUpdate", "E": 1727121531414, "s": "BTCUSDT", "U": 52040009385, "u": 52040009401, "b": [["63258.57000000", "0.07754000"], ["63257.64000000", "0.22250000"], ["63257.38000000", "0.00040000"], ["63257.29000000", "0.00000000"], ["63256.51000000", "0.00040000"], ["56938.00000000", "0.00614000"]], "a": [["63264.88000000", "3.92139000"], ["63270.30000000", "0.00000000"], ["63275.82000000", "0.00000000"], ["63277.99000000", "0.39517000"], ["63281.36000000", "0.00000000"], ["63286.11000000", "0.04597000"], ["63286.98000000", "0.01489000"], ["63288.40000000", "0.00168000"], ["63288.56000000", "0.00000000"], ["63290.40000000", "0.00000000"], ["63291.19000000", "0.00000000"]]}
{"e": "depthUpdate", "E": 1727121531514, "s": "BTCUSDT", "U": 52040009402, "u": 52040009437, "b": [["63264.87000000", "1.53966000"], ["63258.57000000", "0.12384000"], ["63257.76000000", "0.00100000"], ["63257.38000000", "0.00000000"], ["63254.51000000", "0.00008000"], ["63248.26000000", "0.00100000"], ["63246.40000000", "0.27059000"], ["63240.26000000", "0.00100000"], ["63237.97000000", "1.19310000"], ["63227.64000000", "0.00000000"], ["63131.79000000", "0.00000000"], ["63070.12000000", "0.07762000"], ["56938.00000000", "0.00564000"], ["33000.00000000", "8.04066000"]], "a": [["63264.88000000", "2.76642000"], ["63266.11000000", "0.08923000"], ["63270.77000000", "0.00100000"], ["63275.97000000", "1.10868000"], ["63276.61000000", "0.00000000"], ["63277.22000000", "0.59124000"], ["63280.74000000", "0.00000000"], ["63286.11000000", "0.15722000"], ["63287.35000000", "0.39475000"], ["63290.33000000", "0.04036000"], ["63291.07000000", "0.00000000"], ["63305.97000000", "0.00000000"], ["63423.99000000", "0.00000000"], ["64573.88000000", "0.07761000"]]}
{"e": "depthUpdate", "E": 1727121531614, "s": "BTCUSDT", "U": 52040009438, "u": 52040009450, "b": [["63264.87000000", "1.41329000"], ["63221.31000000", "0.01328000"], ["63149.81000000", "0.11514000"], ["56938.00000000", "0.00564000"]], "a": [["63274.84000000", "0.62381000"], ["63290.03000000", "0.03997000"], ["63290.26000000", "0.00000000"], ["63290.33000000", "0.00000000"], ["63315.84000000", "1.02651000"], ["63324.03000000", "0.10666000"], ["63344.23000000", "0.00000000"], ["63411.31000000", "0.01512000"]]}
{"e": "depthUpdate", "E": 1727121531714, "s": "BTCUSDT", "U": 52040009451, "u": 52040009462, "b": [["63264.87000000", "1.41329000"], ["63261.16000000", "0.06825000"], ["63240.60000000", "0.00000000"], ["63238.05000000", "1.11112000"], ["63236.99000000", "0.00000000"]], "a": [["63279.70000000", "0.00000000"], ["63281.99000000", "0.66521000"], ["63289.98000000", "0.03968000"], ["63290.03000000", "0.00000000"], ["63369.23000000", "0.00000000"]]}
{"e": "depthUpdate", "E": 1727121531814, "s": "BTCUSDT", "U": 52040009463, "u": 52040009489, "b": [["63264.87000000", "1.09170000"], ["63262.00000000", "0.00000000"], ["63257.64000000", "0.11125000"]], "a": [["63264.88000000", "2.35971000"], ["63285.65000000", "1.16886000"], ["63286.11000000", "0.04597000"], ["63289.82000000", "0.04011000"], ["63289.98000000", "0.00000000"], ["63290.85000000", "0.11125000"], ["63291.54000000", "0.00000000"], ["63316.94000000", "0.00000000"], ["63325.41000000", "0.08695000"], ["63350.17000000", "1.91836000"], ["63438.00000000", "0.00000000"], ["63446.47000000", "0.08695000"]]}
{"e": "depthUpdate", "E": 1727121531914, "s": "BTCUSDT", "U": 52040009490, "u": 52040009502, "b": [["63264.87000000", "0.87587000"], ["63264.39000000", "0.24744000"], ["63258.57000000", "0.07754000"], ["63252.90000000", "0.22250000"], ["63250.00000000", "0.47373000"], ["63249.44000000", "0.39475000"], ["33000.00000000", "8.04066000"]], "a": [["63289.81000000", "0.03984000"], ["63289.82000000", "0.00000000"], ["63349.96000000", "1.15105000"], ["63351.16000000", "0.00000000"]]}
