{"e": "aggTrade", "E": 1727301876959, "s": "LINKUSDT", "a": 244293710, "p": "12.19000000", "q": "13.32000000", "f": 334456678, "l": 334456678, "T": 1727301876958, "m": true, "M": true}
{"e": "aggTrade", "E": 1727301878202, "s": "LINKUSDT", "a": 244293711, "p": "12.20000000", "q": "1.22000000", "f": 334456679, "l": 334456679, "T": 1727301878201, "m": false, "M": true}
{"e": "aggTrade", "E": 1727301880405, "s": "LINKUSDT", "a": 244293712, "p": "12.20000000", "q": "15.23000000", "f": 334456680, "l": 334456680, "T": 1727301880404, "m": false, "M": true}
{"e": "aggTrade", "E": 1727301888223, "s": "LINKUSDT", "a": 244293713, "p": "12.19000000", "q": "4.14000000", "f": 334456681, "l": 334456681, "T": 1727301888222, "m": true, "M": true}
{"e": "aggTrade", "E": 1727301898571, "s": "LINKUSDT", "a": 244293714, "p": "12.20000000", "q": "18.04000000", "f": 334456682, "l": 334456682, "T": 1727301898570, "m": false, "M": true}
{"e": "aggTrade", "E": 1727301898578, "s": "LINKUSDT", "a": 244293715, "p": "12.20000000", "q": "18.04000000", "f": 334456683, "l": 334456683, "T": 1727301898578, "m": false, "M": true}
{"e": "aggTrade", "E": 1727301900712, "s": "LINKUSDT", "a": 244293716, "p": "12.20000000", "q": "18.03000000", "f": 334456684, "l": 334456684, "T": 1727301900712, "m": false, "M": true}
{"e": "aggTrade", "E": 1727301900713, "s": "LINKUSDT", "a": 244293717, "p": "12.20000000", "q": "18.03000000", "f": 334456685, "l": 334456685, "T": 1727301900712, "m": false, "M": true}
{"e": "aggTrade", "E": 1727301901031, "s": "LINKUSDT", "a": 244293718, "p": "12.20000000", "q": "26.17000000", "f": 334456686, "l": 334456699, "T": 1727301901030, "m": false, "M": true}
{"e": "aggTrade", "E": 1727301901040, "s": "LINKUSDT", "a": 244293719, "p": "12.21000000", "q": "18.03000000", "f": 334456700, "l": 334456700, "T": 1727301901040, "m": false, "M": true}
{"e": "aggTrade", "E": 1727301901040, "s": "LINKUSDT", "a": 244293720, "p": "12.21000000", "q": "18.03000000", "f": 334456701, "l": 334456701, "T": 1727301901040, "m": false, "M": true}
{"e": "aggTrade", "E": 1727301904761, "s": "LINKUSDT", "a": 244293721, "p": "12.20000000", "q": "363.50000000", "f": 334456702, "l": 334456710, "T": 1727301904761, "m": true, "M": true}
{"e": "aggTrade", "E": 1727301905541, "s": "LINKUSDT", "a": 244293722, "p": "12.20000000", "q": "413.32000000", "f": 334456711, "l": 334456715, "T": 1727301905541, "m": true, "M": true}
{"e": "aggTrade", "E": 1727301905541, "s": "LINKUSDT", "a": 244293723, "p": "12.20000000", "q": "12.76000000", "f": 334456716, "l": 334456740, "T": 1727301905541, "m": true, "M": true}
{"e": "aggTrade", "E": 1727301931141, "s": "LINKUSDT", "a": 244293724, "p": "12.20000000", "q": "6.17000000", "f": 334456741, "l": 334456741, "T": 1727301931141, "m": false, "M": true}
{"e": "aggTrade", "E": 1727301953826, "s": "LINKUSDT", "a": 244293725, "p": "12.19000000", "q": "0.63000000", "f": 334456742, "l": 334456742, "T": 1727301953826, "m": true, "M": true}
{"e": "aggTrade", "E": 1727301956810, "s": "LINKUSDT", "a": 244293726, "p": "12.20000000", "q": "3.00000000", "f": 334456743, "l": 334456743, "T": 1727301956810, "m": false, "M": true}
{"e": "aggTrade", "E": 1727301961007, "s": "LINKUSDT", "a": 244293727, "p": "12.20000000", "q": "18.03000000", "f": 334456744, "l": 334456744, "T": 1727301961006, "m": false, "M": true}
{"e": "aggTrade", "E": 1727301961007, "s": "LINKUSDT", "a": 244293728, "p": "12.20000000", "q": "18.03000000", "f": 334456745, "l": 334456745, "T": 1727301961006, "m": false, "M": true}
{"e": "aggTrade", "E": 1727301961558, "s": "LINKUSDT", "a": 244293729, "p": "12.20000000", "q": "18.03000000", "f": 334456746, "l": 334456746, "T": 1727301961558, "m": false, "M": true}
{"e": "aggTrade", "E": 1727301961558, "s": "LINKUSDT", "a": 244293730, "p": "12.20000000", "q": "18.03000000", "f": 334456747, "l": 334456747, "T": 1727301961558, "m": false, "M": true}
{"e": "aggTrade", "E": 1727301961561, "s": "LINKUSDT", "a": 244293731, "p": "12.20000000", "q": "134.13000000", "f": 334456748, "l": 334456748, "T": 1727301961560, "m": false, "M": true}
{"e": "aggTrade", "E": 1727301961561, "s": "LINKUSDT", "a": 244293732, "p": "12.20000000", "q": "26.22000000", "f": 334456749, "l": 334456749, "T": 1727301961561, "m": false, "M": true}
{"e": "aggTrade", "E": 1727301961564, "s": "LINKUSDT", "a": 244293733, "p": "12.20000000", "q": "236.69000000", "f": 334456750, "l": 334456776, "T": 1727301961563, "m": false, "M": true}
{"e": "aggTrade", "E": 1727301961575, "s": "LINKUSDT", "a": 244293734, "p": "12.21000000", "q": "41.00000000", "f": 334456777, "l": 334456777, "T": 1727301961575, "m": false, "M": true}
{"e": "aggTrade", "E": 1727301961582, "s": "LINKUSDT", "a": 244293735, "p": "12.21000000", "q": "18.03000000", "f": 334456778, "l": 334456778, "T": 1727301961581, "m": false, "M": true}
{"e": "aggTrade", "E": 1727301962901, "s": "LINKUSDT", "a": 244293736, "p": "12.20000000", "q": "2.22000000", "f": 334456779, "l": 334456779, "T": 1727301962901, "m": true, "M": true}
{"e": "aggTrade", "E": 1727301968445, "s": "LINKUSDT", "a": 244293737, "p": "12.20000000", "q": "0.50000000", "f": 334456780, "l": 334456780, "T": 1727301968444, "m": true, "M": true}
{"e": "aggTrade", "E": 1727301974697, "s": "LINKUSDT", "a": 244293738, "p": "12.21000000", "q": "1.74000000", "f": 334456781, "l": 334456781, "T": 1727301974697, "m": false, "M": true}
{"e": "aggTrade", "E": 1727301975764, "s": "LINKUSDT", "a": 244293739, "p": "12.20000000", "q": "336.57000000", "f": 334456782, "l": 334456787, "T": 1727301975764, "m": true, "M": true}
