{"e": "depthUpdate", "E": 1727301869446, "s": "LINKUSDT", "U": 10473182034, "u": 10473182042, "b": [["12.18000000", "8766.03000000"], ["12.16000000", "13307.45000000"]], "a": [["12.20000000", "8642.99000000"]]}
{"e": "depthUpdate", "E": 1727301869546, "s": "LINKUSDT", "U": 10473182043, "u": 10473182049, "b": [["12.18000000", "8941.31000000"]], "a": [["12.20000000", "8694.14000000"], ["12.22000000", "9248.62000000"]]}
{"e": "depthUpdate", "E": 1727301869646, "s": "LINKUSDT", "U": 10473182050, "u": 10473182059, "b": [["12.19000000", "473.63000000"], ["12.18000000", "8859.25000000"]], "a": [["12.20000000", "8449.49000000"]]}
{"e": "depthUpdate", "E": 1727301869746, "s": "LINKUSDT", "U": 10473182060, "u": 10473182070, "b": [["12.18000000", "8849.66000000"]], "a": [["12.20000000", "8559.14000000"], ["12.23000000", "9876.28000000"]]}
{"e": "depthUpdate", "E": 1727301869846, "s": "LINKUSDT", "U": 10473182071, "u": 10473182072, "b": [["12.17000000", "15017.01000000"]], "a": [["12.20000000", "8600.14000000"]]}
{"e": "depthUpdate", "E": 1727301870046, "s": "LINKUSDT", "U": 10473182073, "u": 10473182074, "b": [], "a": [["12.20000000", "8752.10000000"]]}
{"e": "depthUpdate", "E": 1727301870146, "s": "LINKUSDT", "U": 10473182075, "u": 10473182075, "b": [["12.17000000", "15016.59000000"]], "a": []}
{"e": "depthUpdate", "E": 1727301870246, "s": "LINKUSDT", "U": 10473182076, "u": 10473182086, "b": [["12.18000000", "8685.54000000"]], "a": [["12.20000000", "9182.38000000"]]}
{"e": "depthUpdate", "E": 1727301870346, "s": "LINKUSDT", "U": 10473182087, "u": 10473182091, "b": [["12.18000000", "8685.96000000"], ["12.15000000", "7035.09000000"]], "a": [["12.20000000", "9188.48000000"], ["12.22000000", "9249.03000000"]]}
{"e": "depthUpdate", "E": 1727301870446, "s": "LINKUSDT", "U": 10473182092, "u": 10473182096, "b": [["12.16000000", "13471.45000000"], ["12.12000000", "469.45000000"]], "a": [["12.20000000", "8864.53000000"]]}
{"e": "depthUpdate", "E": 1727301870646, "s": "LINKUSDT", "U": 10473182097, "u": 10473182097, "b": [["12.12000000", "481.45000000"]], "a": []}
{"e": "depthUpdate", "E": 1727301870846, "s": "LINKUSDT", "U": 10473182098, "u": 10473182100, "b": [], "a": [["12.20000000", "9196.61000000"]]}
{"e": "depthUpdate", "E": 1727301871146, "s": "LINKUSDT", "U": 10473182101, "u": 10473182104, "b": [], "a": [["12.20000000", "8876.70000000"]]}
{"e": "depthUpdate", "E": 1727301871446, "s": "LINKUSDT", "U": 10473182105, "u": 10473182105, "b": [], "a": [["12.20000000", "8880.77000000"]]}
{"e": "depthUpdate", "E": 1727301871546, "s": "LINKUSDT", "U": 10473182106, "u": 10473182106, "b": [["12.16000000", "13472.24000000"]], "a": []}
{"e": "depthUpdate", "E": 1727301871747, "s": "LINKUSDT", "U": 10473182107, "u": 10473182120, "b": [], "a": [["12.20000000", "7527.93000000"]]}
{"e": "depthUpdate", "E": 1727301871846, "s": "LINKUSDT", "U": 10473182121, "u": 10473182169, "b": [["12.19000000", "535.63000000"], ["12.18000000", "8555.33000000"], ["12.17000000", "15432.69000000"], ["12.16000000", "12988.33000000"]], "a": [["12.20000000", "7292.55000000"], ["12.21000000", "13861.83000000"], ["12.22000000", "9461.90000000"], ["12.23000000", "11332.60000000"]]}
{"e": "depthUpdate", "E": 1727301871946, "s": "LINKUSDT", "U": 10473182170, "u": 10473182181, "b": [["12.19000000", "577.58000000"]], "a": [["12.20000000", "7264.18000000"], ["12.21000000", "13599.32000000"], ["12.22000000", "9199.39000000"]]}
{"e": "depthUpdate", "E": 1727301872046, "s": "LINKUSDT", "U": 10473182182, "u": 10473182186, "b": [["12.19000000", "596.34000000"]], "a": [["12.22000000", "9412.26000000"], ["12.23000000", "11119.73000000"], ["12.34000000", "4383.38000000"]]}
{"e": "depthUpdate", "E": 1727301872146, "s": "LINKUSDT", "U": 10473182187, "u": 10473182190, "b": [["12.19000000", "554.39000000"]], "a": [["12.20000000", "7284.68000000"], ["12.22000000", "9625.13000000"], ["12.23000000", "10906.86000000"]]}
{"e": "depthUpdate", "E": 1727301872546, "s": "LINKUSDT", "U": 10473182191, "u": 10473182191, "b": [], "a": [["12.20000000", "7280.59000000"]]}
{"e": "depthUpdate", "E": 1727301872646, "s": "LINKUSDT", "U": 10473182192, "u": 10473182192, "b": [], "a": [["12.20000000", "7284.66000000"]]}
{"e": "depthUpdate", "E": 1727301872946, "s": "LINKUSDT", "U": 10473182193, "u": 10473182207, "b": [["12.19000000", "492.39000000"], ["12.16000000", "13046.48000000"]], "a": [["12.20000000", "7518.66000000"]]}
{"e": "depthUpdate", "E": 1727301873046, "s": "LINKUSDT", "U": 10473182208, "u": 10473182213, "b": [["12.19000000", "473.63000000"], ["12.18000000", "8473.27000000"]], "a": [["12.20000000", "7744.16000000"]]}
{"e": "depthUpdate", "E": 1727301873346, "s": "LINKUSDT", "U": 10473182214, "u": 10473182217, "b": [["4.39000000", "226.05000000"]], "a": [["12.20000000", "7658.12000000"]]}
{"e": "depthUpdate", "E": 1727301873946, "s": "LINKUSDT", "U": 10473182218, "u": 10473182218, "b": [], "a": [["12.20000000", "7654.04000000"]]}
{"e": "depthUpdate", "E": 1727301874046, "s": "LINKUSDT", "U": 10473182219, "u": 10473182219, "b": [], "a": [["12.20000000", "7658.12000000"]]}
{"e": "depthUpdate", "E": 1727301874246, "s": "LINKUSDT", "U": 10473182220, "u": 10473182221, "b": [["12.18000000", "8883.88000000"]], "a": []}
{"e": "depthUpdate", "E": 1727301874546, "s": "LINKUSDT", "U": 10473182222, "u": 10473182223, "b": [["12.17000000", "15286.31000000"]], "a": [["12.20000000", "7630.50000000"]]}
{"e": "depthUpdate", "E": 1727301874646, "s": "LINKUSDT", "U": 10473182224, "u": 10473182239, "b": [["12.19000000", "625.49000000"], ["12.18000000", "8596.66000000"], ["12.17000000", "15499.18000000"], ["12.16000000", "12775.56000000"]], "a": [["12.20000000", "7433.14000000"]]}
{"e": "depthUpdate", "E": 1727301874746, "s": "LINKUSDT", "U": 10473182240, "u": 10473182244, "b": [["12.16000000", "12888.72000000"], ["12.15000000", "6921.84000000"]], "a": [["12.20000000", "7431.12000000"]]}
{"e": "depthUpdate", "E": 1727301874846, "s": "LINKUSDT", "U": 10473182245, "u": 10473182246, "b": [["12.19000000", "656.06000000"]], "a": [["12.20000000", "7427.04000000"]]}
{"e": "depthUpdate", "E": 1727301875046, "s": "LINKUSDT", "U": 10473182247, "u": 10473182247, "b": [], "a": [["12.20000000", "7422.97000000"]]}
{"e": "depthUpdate", "E": 1727301875146, "s": "LINKUSDT", "U": 10473182248, "u": 10473182249, "b": [["12.19000000", "566.20000000"]], "a": [["12.20000000", "7418.93000000"]]}
{"e": "depthUpdate", "E": 1727301875246, "s": "LINKUSDT", "U": 10473182250, "u": 10473182250, "b": [["12.19000000", "607.78000000"]], "a": []}
{"e": "depthUpdate", "E": 1727301875746, "s": "LINKUSDT", "U": 10473182251, "u": 10473182251, "b": [], "a": [["12.20000000", "7414.85000000"]]}
{"e": "depthUpdate", "E": 1727301875846, "s": "LINKUSDT", "U": 10473182252, "u": 10473182252, "b": [["12.07000000", "4406.05000000"]], "a": []}
{"e": "depthUpdate", "E": 1727301875946, "s": "LINKUSDT", "U": 10473182253, "u": 10473182255, "b": [["12.08000000", "953.17000000"]], "a": [["12.31000000", "202.28000000"], ["12.32000000", "10340.62000000"]]}
{"e": "depthUpdate", "E": 1727301876046, "s": "LINKUSDT", "U": 10473182256, "u": 10473182257, "b": [], "a": [["12.21000000", "13927.27000000"], ["12.23000000", "10579.42000000"]]}
{"e": "depthUpdate", "E": 1727301876746, "s": "LINKUSDT", "U": 10473182258, "u": 10473182258, "b": [["12.19000000", "748.72000000"]], "a": []}
{"e": "depthUpdate", "E": 1727301876846, "s": "LINKUSDT", "U": 10473182259, "u": 10473182260, "b": [["12.19000000", "724.34000000"]], "a": []}
{"e": "depthUpdate", "E": 1727301876946, "s": "LINKUSDT", "U": 10473182261, "u": 10473182263, "b": [["12.19000000", "693.77000000"]], "a": [["12.20000000", "7250.85000000"]]}
{"e": "depthUpdate", "E": 1727301877046, "s": "LINKUSDT", "U": 10473182264, "u": 10473182269, "b": [["12.19000000", "680.45000000"]], "a": [["12.20000000", "7107.35000000"]]}
{"e": "depthUpdate", "E": 1727301877146, "s": "LINKUSDT", "U": 10473182270, "u": 10473182271, "b": [["12.19000000", "682.05000000"]], "a": [["12.20000000", "7148.35000000"]]}
{"e": "depthUpdate", "E": 1727301877246, "s": "LINKUSDT", "U": 10473182272, "u": 10473182272, "b": [], "a": [["12.20000000", "7127.85000000"]]}
{"e": "depthUpdate", "E": 1727301877346, "s": "LINKUSDT", "U": 10473182273, "u": 10473182275, "b": [["12.19000000", "664.85000000"]], "a": [["12.20000000", "7086.41000000"]]}
{"e": "depthUpdate", "E": 1727301877446, "s": "LINKUSDT", "U": 10473182276, "u": 10473182314, "b": [["12.19000000", "448.89000000"], ["12.18000000", "8509.20000000"], ["12.16000000", "12946.87000000"]], "a": [["12.20000000", "9154.54000000"], ["12.23000000", "10289.08000000"]]}
{"e": "depthUpdate", "E": 1727301877546, "s": "LINKUSDT", "U": 10473182315, "u": 10473182328, "b": [["12.17000000", "15508.86000000"]], "a": [["12.20000000", "10042.51000000"], ["12.21000000", "13106.96000000"]]}
{"e": "depthUpdate", "E": 1727301877646, "s": "LINKUSDT", "U": 10473182329, "u": 10473182329, "b": [], "a": [["12.20000000", "10038.47000000"]]}
{"e": "depthUpdate", "E": 1727301877746, "s": "LINKUSDT", "U": 10473182330, "u": 10473182330, "b": [["12.18000000", "8119.20000000"]], "a": []}
{"e": "depthUpdate", "E": 1727301877846, "s": "LINKUSDT", "U": 10473182331, "u": 10473182331, "b": [], "a": [["12.20000000", "9997.47000000"]]}
{"e": "depthUpdate", "E": 1727301877946, "s": "LINKUSDT", "U": 10473182332, "u": 10473182332, "b": [], "a": [["12.20000000", "9995.45000000"]]}
{"e": "depthUpdate", "E": 1727301878246, "s": "LINKUSDT", "U": 10473182333, "u": 10473182337, "b": [], "a": [["12.20000000", "9174.04000000"], ["12.21000000", "13927.11000000"], ["12.22000000", "9838.00000000"], ["12.23000000", "10076.21000000"]]}
{"e": "depthUpdate", "E": 1727301878346, "s": "LINKUSDT", "U": 10473182338, "u": 10473182340, "b": [["12.12000000", "469.45000000"]], "a": [["12.20000000", "9210.99000000"]]}
{"e": "depthUpdate", "E": 1727301878546, "s": "LINKUSDT", "U": 10473182341, "u": 10473182341, "b": [["12.12000000", "481.47000000"]], "a": []}
{"e": "depthUpdate", "E": 1727301878646, "s": "LINKUSDT", "U": 10473182342, "u": 10473182342, "b": [], "a": [["12.20000000", "9251.99000000"]]}
{"e": "depthUpdate", "E": 1727301878746, "s": "LINKUSDT", "U": 10473182343, "u": 10473182344, "b": [], "a": [["12.20000000", "8923.99000000"]]}
{"e": "depthUpdate", "E": 1727301878846, "s": "LINKUSDT", "U": 10473182345, "u": 10473182347, "b": [["12.17000000", "15861.95000000"]], "a": [["12.20000000", "8882.99000000"]]}
{"e": "depthUpdate", "E": 1727301878946, "s": "LINKUSDT", "U": 10473182348, "u": 10473182349, "b": [], "a": [["12.20000000", "8876.90000000"]]}
{"e": "depthUpdate", "E": 1727301879046, "s": "LINKUSDT", "U": 10473182350, "u": 10473182351, "b": [], "a": [["12.20000000", "8876.90000000"]]}
{"e": "depthUpdate", "E": 1727301879346, "s": "LINKUSDT", "U": 10473182352, "u": 10473182353, "b": [], "a": [["12.20000000", "8876.90000000"]]}
{"e": "depthUpdate", "E": 1727301879446, "s": "LINKUSDT", "U": 10473182354, "u": 10473182354, "b": [], "a": [["12.24000000", "6094.39000000"]]}
{"e": "depthUpdate", "E": 1727301879546, "s": "LINKUSDT", "U": 10473182355, "u": 10473182359, "b": [["12.18000000", "8509.20000000"]], "a": [["12.20000000", "8673.92000000"]]}
{"e": "depthUpdate", "E": 1727301879646, "s": "LINKUSDT", "U": 10473182360, "u": 10473182379, "b": [["12.19000000", "461.91000000"], ["12.18000000", "8518.65000000"], ["12.17000000", "15852.27000000"]], "a": [["12.20000000", "7478.97000000"]]}
{"e": "depthUpdate", "E": 1727301879746, "s": "LINKUSDT", "U": 10473182380, "u": 10473182405, "b": [["12.19000000", "523.91000000"], ["12.18000000", "8928.97000000"], ["12.17000000", "15030.55000000"], ["12.16000000", "12888.72000000"]], "a": [["12.20000000", "6710.49000000"], ["12.22000000", "10657.02000000"]]}
{"e": "depthUpdate", "E": 1727301879846, "s": "LINKUSDT", "U": 10473182406, "u": 10473182418, "b": [["12.18000000", "9397.52000000"], ["12.17000000", "15332.45000000"], ["12.16000000", "12277.22000000"], ["12.15000000", "6808.59000000"]], "a": [["12.20000000", "6704.43000000"], ["12.21000000", "14336.92000000"], ["12.22000000", "9838.00000000"]]}
{"e": "depthUpdate", "E": 1727301879946, "s": "LINKUSDT", "U": 10473182419, "u": 10473182420, "b": [["12.19000000", "569.28000000"]], "a": [["12.20000000", "6786.43000000"]]}
{"e": "depthUpdate", "E": 1727301880046, "s": "LINKUSDT", "U": 10473182421, "u": 10473182421, "b": [["12.19000000", "589.16000000"]], "a": []}
{"e": "depthUpdate", "E": 1727301880146, "s": "LINKUSDT", "U": 10473182422, "u": 10473182424, "b": [["12.19000000", "543.79000000"], ["12.18000000", "8987.00000000"], ["12.17000000", "16154.17000000"]], "a": []}
{"e": "depthUpdate", "E": 1727301880246, "s": "LINKUSDT", "U": 10473182425, "u": 10473182432, "b": [["12.19000000", "481.79000000"], ["12.16000000", "12335.37000000"]], "a": [["12.20000000", "7011.93000000"]]}
{"e": "depthUpdate", "E": 1727301880346, "s": "LINKUSDT", "U": 10473182433, "u": 10473182433, "b": [["12.19000000", "461.91000000"]], "a": []}
{"e": "depthUpdate", "E": 1727301880446, "s": "LINKUSDT", "U": 10473182434, "u": 10473182438, "b": [["12.19000000", "463.80000000"], ["12.18000000", "9397.52000000"], ["12.17000000", "15332.45000000"]], "a": [["12.20000000", "7000.77000000"]]}
{"e": "depthUpdate", "E": 1727301880546, "s": "LINKUSDT", "U": 10473182439, "u": 10473182440, "b": [["12.19000000", "461.91000000"]], "a": [["12.20000000", "6996.69000000"]]}
{"e": "depthUpdate", "E": 1727301880646, "s": "LINKUSDT", "U": 10473182441, "u": 10473182445, "b": [["12.16000000", "12474.79000000"]], "a": [["12.20000000", "7361.75000000"]]}
{"e": "depthUpdate", "E": 1727301880846, "s": "LINKUSDT", "U": 10473182446, "u": 10473182447, "b": [["12.19000000", "503.30000000"]], "a": [["12.20000000", "7357.68000000"]]}
{"e": "depthUpdate", "E": 1727301880946, "s": "LINKUSDT", "U": 10473182448, "u": 10473182453, "b": [], "a": [["12.20000000", "7152.68000000"]]}
{"e": "depthUpdate", "E": 1727301881046, "s": "LINKUSDT", "U": 10473182454, "u": 10473182454, "b": [], "a": [["12.20000000", "7111.68000000"]]}
{"e": "depthUpdate", "E": 1727301881346, "s": "LINKUSDT", "U": 10473182455, "u": 10473182457, "b": [], "a": [["12.20000000", "7029.68000000"]]}
{"e": "depthUpdate", "E": 1727301881746, "s": "LINKUSDT", "U": 10473182458, "u": 10473182459, "b": [], "a": [["12.20000000", "7029.68000000"]]}
{"e": "depthUpdate", "E": 1727301881946, "s": "LINKUSDT", "U": 10473182460, "u": 10473182470, "b": [["12.19000000", "608.97000000"], ["12.18000000", "8987.00000000"]], "a": [["12.20000000", "7296.18000000"]]}
{"e": "depthUpdate", "E": 1727301882046, "s": "LINKUSDT", "U": 10473182471, "u": 10473182473, "b": [["12.19000000", "607.08000000"]], "a": [["12.20000000", "7357.68000000"]]}
{"e": "depthUpdate", "E": 1727301882146, "s": "LINKUSDT", "U": 10473182474, "u": 10473182474, "b": [], "a": [["12.20000000", "7316.68000000"]]}
{"e": "depthUpdate", "E": 1727301882246, "s": "LINKUSDT", "U": 10473182475, "u": 10473182476, "b": [["12.19000000", "608.97000000"]], "a": [["12.20000000", "7320.75000000"]]}
{"e": "depthUpdate", "E": 1727301882346, "s": "LINKUSDT", "U": 10473182477, "u": 10473182477, "b": [["12.19000000", "607.08000000"]], "a": []}
{"e": "depthUpdate", "E": 1727301882446, "s": "LINKUSDT", "U": 10473182478, "u": 10473182478, "b": [["12.19000000", "608.97000000"]], "a": []}
{"e": "depthUpdate", "E": 1727301882546, "s": "LINKUSDT", "U": 10473182479, "u": 10473182481, "b": [["12.19000000", "607.08000000"], ["12.18000000", "8619.20000000"]], "a": [["12.20000000", "7324.83000000"]]}
{"e": "depthUpdate", "E": 1727301882646, "s": "LINKUSDT", "U": 10473182482, "u": 10473182500, "b": [["12.19000000", "461.91000000"], ["12.18000000", "8150.65000000"], ["12.16000000", "12900.53000000"]], "a": [["12.20000000", "7605.92000000"]]}
{"e": "depthUpdate", "E": 1727301882746, "s": "LINKUSDT", "U": 10473182501, "u": 10473182505, "b": [["12.18000000", "8141.20000000"], ["12.17000000", "15342.15000000"]], "a": [["12.20000000", "7691.96000000"]]}
{"e": "depthUpdate", "E": 1727301882846, "s": "LINKUSDT", "U": 10473182506, "u": 10473182506, "b": [], "a": [["12.20000000", "7696.01000000"]]}
{"e": "depthUpdate", "E": 1727301882946, "s": "LINKUSDT", "U": 10473182507, "u": 10473182508, "b": [], "a": [["12.20000000", "7741.09000000"]]}
{"e": "depthUpdate", "E": 1727301883146, "s": "LINKUSDT", "U": 10473182509, "u": 10473182509, "b": [["12.17000000", "16163.87000000"]], "a": []}
{"e": "depthUpdate", "E": 1727301883446, "s": "LINKUSDT", "U": 10473182510, "u": 10473182512, "b": [], "a": [["12.20000000", "7700.09000000"]]}
{"e": "depthUpdate", "E": 1727301883746, "s": "LINKUSDT", "U": 10473182513, "u": 10473182515, "b": [], "a": [["12.20000000", "7733.00000000"]]}
{"e": "depthUpdate", "E": 1727301883846, "s": "LINKUSDT", "U": 10473182516, "u": 10473182528, "b": [["12.18000000", "8141.20000000"], ["12.17000000", "15342.15000000"]], "a": [["12.20000000", "7503.04000000"]]}
{"e": "depthUpdate", "E": 1727301883946, "s": "LINKUSDT", "U": 10473182529, "u": 10473182531, "b": [["12.18000000", "8150.92000000"], ["12.17000000", "15332.45000000"]], "a": [["12.20000000", "7659.04000000"]]}
{"e": "depthUpdate", "E": 1727301884146, "s": "LINKUSDT", "U": 10473182532, "u": 10473182532, "b": [["12.18000000", "8238.09000000"]], "a": []}
{"e": "depthUpdate", "E": 1727301884346, "s": "LINKUSDT", "U": 10473182533, "u": 10473182534, "b": [["12.18000000", "8648.43000000"]], "a": [["12.20000000", "7663.12000000"]]}
{"e": "depthUpdate", "E": 1727301884546, "s": "LINKUSDT", "U": 10473182535, "u": 10473182536, "b": [["12.18000000", "8238.09000000"]], "a": [["12.20000000", "7661.10000000"]]}
{"e": "depthUpdate", "E": 1727301884946, "s": "LINKUSDT", "U": 10473182537, "u": 10473182539, "b": [["12.18000000", "8648.43000000"]], "a": [["12.20000000", "7652.98000000"]]}
{"e": "depthUpdate", "E": 1727301885046, "s": "LINKUSDT", "U": 10473182540, "u": 10473182548, "b": [["12.18000000", "8238.09000000"]], "a": [["12.20000000", "7800.94000000"]]}
{"e": "depthUpdate", "E": 1727301885246, "s": "LINKUSDT", "U": 10473182549, "u": 10473182551, "b": [], "a": [["12.20000000", "7813.10000000"]]}
{"e": "depthUpdate", "E": 1727301885346, "s": "LINKUSDT", "U": 10473182552, "u": 10473182552, "b": [], "a": [["12.20000000", "7817.19000000"]]}
{"e": "depthUpdate", "E": 1727301885646, "s": "LINKUSDT", "U": 10473182553, "u": 10473182555, "b": [], "a": [["12.20000000", "7694.19000000"]]}
{"e": "depthUpdate", "E": 1727301885746, "s": "LINKUSDT", "U": 10473182556, "u": 10473182558, "b": [], "a": [["12.20000000", "7673.69000000"]]}
{"e": "depthUpdate", "E": 1727301885946, "s": "LINKUSDT", "U": 10473182559, "u": 10473182559, "b": [], "a": [["12.20000000", "7669.61000000"]]}
{"e": "depthUpdate", "E": 1727301886246, "s": "LINKUSDT", "U": 10473182560, "u": 10473182562, "b": [["12.17000000", "16154.17000000"]], "a": [["12.20000000", "7661.49000000"]]}
{"e": "depthUpdate", "E": 1727301886346, "s": "LINKUSDT", "U": 10473182563, "u": 10473182573, "b": [["12.18000000", "8299.19000000"]], "a": [["12.20000000", "7708.45000000"], ["12.21000000", "14367.47000000"], ["16.58000000", "2.31000000"]]}
{"e": "depthUpdate", "E": 1727301886646, "s": "LINKUSDT", "U": 10473182574, "u": 10473182575, "b": [], "a": [["12.20000000", "7704.38000000"], ["16.82000000", "3.65000000"]]}
{"e": "depthUpdate", "E": 1727301886846, "s": "LINKUSDT", "U": 10473182576, "u": 10473182609, "b": [["12.19000000", "523.91000000"], ["12.18000000", "8922.39000000"], ["12.17000000", "15332.45000000"], ["12.16000000", "12629.51000000"], ["12.15000000", "5986.17000000"]], "a": [["12.20000000", "6736.11000000"], ["17.06000000", "2.18000000"]]}
{"e": "depthUpdate", "E": 1727301886946, "s": "LINKUSDT", "U": 10473182610, "u": 10473182616, "b": [["12.18000000", "8965.20000000"], ["12.17000000", "15545.31000000"], ["12.16000000", "12416.64000000"]], "a": [["12.20000000", "6683.92000000"], ["12.21000000", "14254.22000000"], ["12.23000000", "10189.37000000"]]}
{"e": "depthUpdate", "E": 1727301887046, "s": "LINKUSDT", "U": 10473182617, "u": 10473182617, "b": [], "a": [["12.20000000", "6734.25000000"]]}
{"e": "depthUpdate", "E": 1727301887146, "s": "LINKUSDT", "U": 10473182618, "u": 10473182623, "b": [["12.19000000", "550.04000000"], ["12.17000000", "15971.03000000"], ["12.16000000", "11990.90000000"]], "a": [["12.20000000", "6775.25000000"]]}
{"e": "depthUpdate", "E": 1727301887246, "s": "LINKUSDT", "U": 10473182624, "u": 10473182625, "b": [], "a": [["12.21000000", "13844.41000000"], ["12.22000000", "10657.02000000"]]}
{"e": "depthUpdate", "E": 1727301887446, "s": "LINKUSDT", "U": 10473182626, "u": 10473182634, "b": [["12.19000000", "494.60000000"], ["12.18000000", "8922.39000000"], ["12.01000000", "5268.77000000"]], "a": [["12.20000000", "6951.75000000"], ["12.21000000", "14254.11000000"], ["12.22000000", "9838.00000000"]]}
{"e": "depthUpdate", "E": 1727301887546, "s": "LINKUSDT", "U": 10473182635, "u": 10473182636, "b": [["12.16000000", "12049.05000000"]], "a": [["12.20000000", "6955.82000000"]]}
{"e": "depthUpdate", "E": 1727301888246, "s": "LINKUSDT", "U": 10473182637, "u": 10473182637, "b": [["12.19000000", "490.46000000"]], "a": []}
{"e": "depthUpdate", "E": 1727301888346, "s": "LINKUSDT", "U": 10473182638, "u": 10473182638, "b": [["12.12000000", "469.45000000"]], "a": []}
{"e": "depthUpdate", "E": 1727301888646, "s": "LINKUSDT", "U": 10473182639, "u": 10473182639, "b": [["12.13000000", "6662.18000000"]], "a": []}
{"e": "depthUpdate", "E": 1727301888947, "s": "LINKUSDT", "U": 10473182640, "u": 10473182640, "b": [["12.19000000", "651.61000000"]], "a": []}
{"e": "depthUpdate", "E": 1727301889046, "s": "LINKUSDT", "U": 10473182641, "u": 10473182641, "b": [["12.16000000", "12083.56000000"]], "a": []}
{"e": "depthUpdate", "E": 1727301889146, "s": "LINKUSDT", "U": 10473182642, "u": 10473182643, "b": [["12.18000000", "8923.63000000"]], "a": []}
{"e": "depthUpdate", "E": 1727301889246, "s": "LINKUSDT", "U": 10473182644, "u": 10473182644, "b": [], "a": [["12.20000000", "6914.82000000"]]}
{"e": "depthUpdate", "E": 1727301889346, "s": "LINKUSDT", "U": 10473182645, "u": 10473182650, "b": [["12.16000000", "12905.90000000"]], "a": [["12.20000000", "7181.32000000"]]}
{"e": "depthUpdate", "E": 1727301889446, "s": "LINKUSDT", "U": 10473182651, "u": 10473182652, "b": [["12.19000000", "625.48000000"]], "a": [["12.20000000", "7140.32000000"]]}
{"e": "depthUpdate", "E": 1727301889846, "s": "LINKUSDT", "U": 10473182653, "u": 10473182654, "b": [], "a": [["12.20000000", "7177.25000000"]]}
{"e": "depthUpdate", "E": 1727301889946, "s": "LINKUSDT", "U": 10473182655, "u": 10473182657, "b": [], "a": [["12.20000000", "7033.75000000"]]}
{"e": "depthUpdate", "E": 1727301890046, "s": "LINKUSDT", "U": 10473182658, "u": 10473182658, "b": [], "a": [["12.20000000", "7074.75000000"]]}
{"e": "depthUpdate", "E": 1727301890146, "s": "LINKUSDT", "U": 10473182659, "u": 10473182659, "b": [], "a": [["12.20000000", "7033.75000000"]]}
{"e": "depthUpdate", "E": 1727301890246, "s": "LINKUSDT", "U": 10473182660, "u": 10473182660, "b": [["12.19000000", "647.95000000"]], "a": []}
{"e": "depthUpdate", "E": 1727301890346, "s": "LINKUSDT", "U": 10473182661, "u": 10473182665, "b": [["12.19000000", "641.39000000"]], "a": [["12.20000000", "6877.75000000"], ["12.21000000", "13844.41000000"], ["12.22000000", "10657.02000000"]]}
{"e": "depthUpdate", "E": 1727301890446, "s": "LINKUSDT", "U": 10473182666, "u": 10473182674, "b": [["12.18000000", "9769.63000000"], ["12.16000000", "12104.47000000"]], "a": []}
{"e": "depthUpdate", "E": 1727301890551, "s": "LINKUSDT", "U": 10473182675, "u": 10473182689, "b": [["12.19000000", "765.87000000"], ["12.16000000", "12046.32000000"]], "a": [["12.20000000", "6792.92000000"], ["12.21000000", "13444.20000000"], ["12.22000000", "10845.76000000"], ["12.23000000", "10402.23000000"]]}
{"e": "depthUpdate", "E": 1727301890646, "s": "LINKUSDT", "U": 10473182690, "u": 10473182754, "b": [["12.19000000", "1018.87000000"], ["12.18000000", "11347.61000000"], ["12.17000000", "15347.79000000"], ["12.16000000", "10981.84000000"]], "a": [["12.20000000", "3867.13000000"], ["12.21000000", "14974.45000000"], ["12.22000000", "10632.89000000"], ["12.23000000", "11040.81000000"]]}
{"e": "depthUpdate", "E": 1727301890746, "s": "LINKUSDT", "U": 10473182755, "u": 10473182799, "b": [["12.19000000", "871.10000000"], ["12.18000000", "13127.91000000"], ["12.17000000", "15248.08000000"], ["12.16000000", "9479.78000000"], ["12.08000000", "936.84000000"]], "a": [["12.20000000", "4092.13000000"], ["12.21000000", "14359.84000000"], ["12.22000000", "10783.71000000"], ["12.23000000", "11504.87000000"]]}
{"e": "depthUpdate", "E": 1727301890846, "s": "LINKUSDT", "U": 10473182800, "u": 10473182809, "b": [["12.19000000", "921.42000000"], ["12.18000000", "13079.78000000"], ["12.17000000", "15248.08000000"]], "a": [["12.20000000", "4226.64000000"]]}
{"e": "depthUpdate", "E": 1727301890946, "s": "LINKUSDT", "U": 10473182810, "u": 10473182810, "b": [["12.18000000", "13232.52000000"]], "a": []}
{"e": "depthUpdate", "E": 1727301891046, "s": "LINKUSDT", "U": 10473182811, "u": 10473182813, "b": [], "a": [["12.20000000", "4206.14000000"], ["12.22000000", "10671.47000000"], ["12.23000000", "11618.03000000"]]}
{"e": "depthUpdate", "E": 1727301891246, "s": "LINKUSDT", "U": 10473182814, "u": 10473182814, "b": [], "a": [["12.21000000", "14933.63000000"]]}
{"e": "depthUpdate", "E": 1727301891646, "s": "LINKUSDT", "U": 10473182815, "u": 10473182815, "b": [["12.18000000", "13874.26000000"]], "a": []}
{"e": "depthUpdate", "E": 1727301892446, "s": "LINKUSDT", "U": 10473182816, "u": 10473182816, "b": [["12.13000000", "6650.31000000"]], "a": []}
{"e": "depthUpdate", "E": 1727301892646, "s": "LINKUSDT", "U": 10473182817, "u": 10473182817, "b": [["12.13000000", "6662.23000000"]], "a": []}
{"e": "depthUpdate", "E": 1727301892946, "s": "LINKUSDT", "U": 10473182818, "u": 10473182819, "b": [], "a": [["12.20000000", "4206.14000000"]]}
{"e": "depthUpdate", "E": 1727301893046, "s": "LINKUSDT", "U": 10473182820, "u": 10473182832, "b": [["12.17000000", "15298.09000000"], ["12.16000000", "9498.37000000"]], "a": [["12.20000000", "3866.63000000"]]}
{"e": "depthUpdate", "E": 1727301893146, "s": "LINKUSDT", "U": 10473182833, "u": 10473182835, "b": [["4.39000000", "227.42000000"]], "a": [["12.21000000", "14746.45000000"], ["12.22000000", "10860.39000000"]]}
{"e": "depthUpdate", "E": 1727301893246, "s": "LINKUSDT", "U": 10473182836, "u": 10473182837, "b": [["12.17000000", "15250.31000000"]], "a": [["12.26000000", "7175.97000000"]]}
{"e": "depthUpdate", "E": 1727301893346, "s": "LINKUSDT", "U": 10473182838, "u": 10473182841, "b": [], "a": [["12.21000000", "14520.95000000"], ["12.22000000", "10973.55000000"], ["12.23000000", "11731.19000000"]]}
{"e": "depthUpdate", "E": 1727301893646, "s": "LINKUSDT", "U": 10473182842, "u": 10473182844, "b": [], "a": [["12.20000000", "3524.04000000"]]}
{"e": "depthUpdate", "E": 1727301893746, "s": "LINKUSDT", "U": 10473182845, "u": 10473182855, "b": [["12.15000000", "6042.76000000"], ["12.14000000", "1844.43000000"]], "a": [["12.20000000", "3656.36000000"], ["12.21000000", "14473.36000000"], ["12.28000000", "421.95000000"], ["12.29000000", "244.95000000"]]}
{"e": "depthUpdate", "E": 1727301894146, "s": "LINKUSDT", "U": 10473182856, "u": 10473182857, "b": [], "a": [["12.20000000", "3656.36000000"]]}
{"e": "depthUpdate", "E": 1727301894246, "s": "LINKUSDT", "U": 10473182858, "u": 10473182859, "b": [["12.18000000", "13987.42000000"], ["12.16000000", "9385.12000000"]], "a": []}
{"e": "depthUpdate", "E": 1727301894346, "s": "LINKUSDT", "U": 10473182860, "u": 10473182860, "b": [], "a": [["12.20000000", "3697.36000000"]]}
{"e": "depthUpdate", "E": 1727301894946, "s": "LINKUSDT", "U": 10473182861, "u": 10473182865, "b": [], "a": [["12.20000000", "3647.04000000"]]}
{"e": "depthUpdate", "E": 1727301895046, "s": "LINKUSDT", "U": 10473182866, "u": 10473182868, "b": [], "a": [["12.20000000", "3697.36000000"]]}
{"e": "depthUpdate", "E": 1727301895346, "s": "LINKUSDT", "U": 10473182869, "u": 10473182871, "b": [], "a": [["12.20000000", "3615.36000000"]]}
{"e": "depthUpdate", "E": 1727301895446, "s": "LINKUSDT", "U": 10473182872, "u": 10473182872, "b": [], "a": [["12.20000000", "3574.36000000"]]}
{"e": "depthUpdate", "E": 1727301895546, "s": "LINKUSDT", "U": 10473182873, "u": 10473182874, "b": [["12.19000000", "938.32000000"]], "a": [["12.20000000", "3615.36000000"]]}
{"e": "depthUpdate", "E": 1727301895646, "s": "LINKUSDT", "U": 10473182875, "u": 10473182876, "b": [], "a": [["12.20000000", "3615.36000000"]]}
{"e": "depthUpdate", "E": 1727301895746, "s": "LINKUSDT", "U": 10473182877, "u": 10473182877, "b": [["12.19000000", "1138.32000000"]], "a": []}
{"e": "depthUpdate", "E": 1727301896246, "s": "LINKUSDT", "U": 10473182878, "u": 10473182878, "b": [["12.18000000", "13987.00000000"]], "a": []}
{"e": "depthUpdate", "E": 1727301896446, "s": "LINKUSDT", "U": 10473182879, "u": 10473182881, "b": [["12.19000000", "1138.74000000"]], "a": [["12.22000000", "10973.14000000"], ["12.23000000", "11731.60000000"]]}
{"e": "depthUpdate", "E": 1727301896646, "s": "LINKUSDT", "U": 10473182882, "u": 10473182883, "b": [["10.98000000", "108.93000000"]], "a": []}
{"e": "depthUpdate", "E": 1727301897046, "s": "LINKUSDT", "U": 10473182884, "u": 10473182885, "b": [], "a": [["12.20000000", "3615.45000000"]]}
{"e": "depthUpdate", "E": 1727301897246, "s": "LINKUSDT", "U": 10473182886, "u": 10473182936, "b": [["12.19000000", "1813.73000000"], ["12.18000000", "13858.94000000"], ["12.17000000", "14849.13000000"]], "a": [["12.20000000", "3077.09000000"], ["12.21000000", "13910.69000000"], ["12.22000000", "11540.51000000"]]}
{"e": "depthUpdate", "E": 1727301897346, "s": "LINKUSDT", "U": 10473182937, "u": 10473182940, "b": [], "a": [["12.20000000", "3209.41000000"]]}
{"e": "depthUpdate", "E": 1727301897446, "s": "LINKUSDT", "U": 10473182941, "u": 10473182945, "b": [], "a": [["12.20000000", "3127.41000000"]]}
{"e": "depthUpdate", "E": 1727301897646, "s": "LINKUSDT", "U": 10473182946, "u": 10473182957, "b": [["12.19000000", "1966.47000000"], ["12.18000000", "13706.20000000"]], "a": [["12.20000000", "2759.69000000"]]}
{"e": "depthUpdate", "E": 1727301897846, "s": "LINKUSDT", "U": 10473182958, "u": 10473182966, "b": [["12.19000000", "2139.48000000"], ["12.18000000", "13064.46000000"], ["12.14000000", "1749.58000000"]], "a": [["12.20000000", "2674.85000000"], ["12.21000000", "13686.01000000"], ["12.23000000", "11957.92000000"]]}
{"e": "depthUpdate", "E": 1727301897946, "s": "LINKUSDT", "U": 10473182967, "u": 10473182967, "b": [], "a": [["12.20000000", "2725.17000000"]]}
{"e": "depthUpdate", "E": 1727301898046, "s": "LINKUSDT", "U": 10473182968, "u": 10473182968, "b": [], "a": [["12.20000000", "2335.17000000"]]}
{"e": "depthUpdate", "E": 1727301898646, "s": "LINKUSDT", "U": 10473182969, "u": 10473182997, "b": [["12.19000000", "2791.43000000"], ["12.18000000", "13703.04000000"], ["12.17000000", "14210.58000000"]], "a": [["12.20000000", "1488.45000000"], ["12.21000000", "12737.67000000"], ["12.22000000", "11966.23000000"], ["12.23000000", "12383.64000000"]]}
{"e": "depthUpdate", "E": 1727301898746, "s": "LINKUSDT", "U": 10473182998, "u": 10473183006, "b": [["12.19000000", "2914.43000000"], ["12.18000000", "13787.61000000"], ["12.16000000", "8711.36000000"]], "a": [["12.20000000", "1438.13000000"], ["12.21000000", "12787.99000000"]]}
{"e": "depthUpdate", "E": 1727301898846, "s": "LINKUSDT", "U": 10473183007, "u": 10473183010, "b": [["12.17000000", "15210.58000000"], ["12.16000000", "7711.36000000"]], "a": [["12.21000000", "13049.83000000"], ["12.22000000", "10966.23000000"]]}
{"e": "depthUpdate", "E": 1727301898946, "s": "LINKUSDT", "U": 10473183011, "u": 10473183011, "b": [], "a": [["12.23000000", "13383.64000000"]]}
{"e": "depthUpdate", "E": 1727301899246, "s": "LINKUSDT", "U": 10473183012, "u": 10473183012, "b": [["12.19000000", "2996.43000000"]], "a": []}
{"e": "depthUpdate", "E": 1727301899346, "s": "LINKUSDT", "U": 10473183013, "u": 10473183013, "b": [["12.19000000", "2914.43000000"]], "a": []}
{"e": "depthUpdate", "E": 1727301899446, "s": "LINKUSDT", "U": 10473183014, "u": 10473183014, "b": [["12.19000000", "2873.43000000"]], "a": []}
{"e": "depthUpdate", "E": 1727301899546, "s": "LINKUSDT", "U": 10473183015, "u": 10473183016, "b": [["12.19000000", "2996.43000000"]], "a": []}
{"e": "depthUpdate", "E": 1727301899646, "s": "LINKUSDT", "U": 10473183017, "u": 10473183018, "b": [["12.19000000", "3042.43000000"]], "a": []}
{"e": "depthUpdate", "E": 1727301899746, "s": "LINKUSDT", "U": 10473183019, "u": 10473183021, "b": [["12.19000000", "2878.43000000"]], "a": []}
{"e": "depthUpdate", "E": 1727301899846, "s": "LINKUSDT", "U": 10473183022, "u": 10473183024, "b": [["12.19000000", "2919.43000000"]], "a": []}
{"e": "depthUpdate", "E": 1727301899946, "s": "LINKUSDT", "U": 10473183025, "u": 10473183025, "b": [["12.19000000", "2878.43000000"]], "a": []}
{"e": "depthUpdate", "E": 1727301900046, "s": "LINKUSDT", "U": 10473183026, "u": 10473183029, "b": [["12.19000000", "2919.43000000"]], "a": [["12.21000000", "13312.13000000"], ["12.22000000", "11228.53000000"], ["12.23000000", "13645.94000000"]]}
{"e": "depthUpdate", "E": 1727301900146, "s": "LINKUSDT", "U": 10473183030, "u": 10473183030, "b": [["12.19000000", "2878.43000000"]], "a": []}
{"e": "depthUpdate", "E": 1727301900246, "s": "LINKUSDT", "U": 10473183031, "u": 10473183032, "b": [["12.19000000", "2919.43000000"], ["12.14000000", "1745.03000000"]], "a": []}
{"e": "depthUpdate", "E": 1727301900346, "s": "LINKUSDT", "U": 10473183033, "u": 10473183034, "b": [["12.19000000", "2878.43000000"], ["12.13000000", "6666.78000000"]], "a": []}
{"e": "depthUpdate", "E": 1727301900446, "s": "LINKUSDT", "U": 10473183035, "u": 10473183036, "b": [["12.13000000", "6654.86000000"]], "a": [["12.21000000", "13261.81000000"]]}
{"e": "depthUpdate", "E": 1727301900546, "s": "LINKUSDT", "U": 10473183037, "u": 10473183039, "b": [["12.19000000", "3288.23000000"]], "a": [["12.20000000", "1322.64000000"], ["12.21000000", "13312.13000000"]]}
{"e": "depthUpdate", "E": 1727301900646, "s": "LINKUSDT", "U": 10473183040, "u": 10473183040, "b": [["12.13000000", "6666.84000000"]], "a": []}
{"e": "depthUpdate", "E": 1727301900746, "s": "LINKUSDT", "U": 10473183041, "u": 10473183069, "b": [["12.19000000", "3848.27000000"], ["12.18000000", "14608.64000000"], ["12.16000000", "6889.02000000"]], "a": [["12.20000000", "753.96000000"], ["12.21000000", "11807.07000000"], ["12.22000000", "10826.75000000"]]}
{"e": "depthUpdate", "E": 1727301900846, "s": "LINKUSDT", "U": 10473183070, "u": 10473183106, "b": [["12.19000000", "4104.15000000"], ["12.18000000", "15010.41000000"], ["12.17000000", "15035.84000000"], ["12.16000000", "6662.52000000"]], "a": [["12.20000000", "303.75000000"], ["12.22000000", "12243.98000000"], ["12.23000000", "14109.90000000"], ["12.24000000", "6307.25000000"], ["12.25000000", "1057.97000000"]]}
{"e": "depthUpdate", "E": 1727301900946, "s": "LINKUSDT", "U": 10473183107, "u": 10473183107, "b": [], "a": [["12.23000000", "14144.41000000"]]}
{"e": "depthUpdate", "E": 1727301901046, "s": "LINKUSDT", "U": 10473183108, "u": 10473183246, "b": [["12.20000000", "389.50000000"], ["12.19000000", "3605.92000000"], ["12.18000000", "14559.95000000"], ["12.17000000", "17576.39000000"], ["12.16000000", "6650.69000000"], ["12.15000000", "2140.69000000"], ["12.14000000", "1529.66000000"]], "a": [["12.20000000", "0.00000000"], ["12.21000000", "11253.30000000"], ["12.22000000", "11283.19000000"], ["12.23000000", "15324.73000000"], ["12.24000000", "6511.36000000"], ["12.25000000", "1007.95000000"], ["12.26000000", "7227.92000000"], ["12.27000000", "817.75000000"]]}
{"e": "depthUpdate", "E": 1727301901146, "s": "LINKUSDT", "U": 10473183247, "u": 10473183374, "b": [["12.19000000", "4301.84000000"], ["12.18000000", "15410.21000000"], ["12.17000000", "17018.29000000"], ["12.16000000", "6122.21000000"], ["12.15000000", "2194.04000000"], ["12.14000000", "1698.65000000"], ["12.13000000", "6339.59000000"]], "a": [["12.21000000", "10920.62000000"], ["12.22000000", "12227.62000000"], ["12.23000000", "18322.94000000"], ["12.24000000", "6903.63000000"]]}
{"e": "depthUpdate", "E": 1727301901246, "s": "LINKUSDT", "U": 10473183375, "u": 10473183387, "b": [["12.20000000", "385.42000000"], ["12.19000000", "4368.14000000"], ["12.18000000", "14453.97000000"], ["12.16000000", "6008.96000000"]], "a": [["12.21000000", "10690.78000000"], ["12.22000000", "12282.48000000"]]}
{"e": "depthUpdate", "E": 1727301901346, "s": "LINKUSDT", "U": 10473183388, "u": 10473183428, "b": [["12.19000000", "4790.14000000"], ["12.18000000", "14460.50000000"], ["12.17000000", "16191.42000000"], ["12.16000000", "5618.96000000"]], "a": [["12.21000000", "10195.18000000"], ["12.22000000", "10907.54000000"], ["12.23000000", "18879.23000000"], ["12.24000000", "7720.67000000"]]}
{"e": "depthUpdate", "E": 1727301901446, "s": "LINKUSDT", "U": 10473183429, "u": 10473183458, "b": [["12.19000000", "5619.62000000"], ["12.18000000", "14676.90000000"], ["12.17000000", "16098.17000000"], ["12.16000000", "5487.12000000"]], "a": [["12.21000000", "9252.34000000"], ["12.22000000", "10432.38000000"], ["12.23000000", "18616.93000000"], ["12.24000000", "7933.36000000"]]}
{"e": "depthUpdate", "E": 1727301901546, "s": "LINKUSDT", "U": 10473183459, "u": 10473183459, "b": [["12.03000000", "2687.00000000"]], "a": []}
{"e": "depthUpdate", "E": 1727301901646, "s": "LINKUSDT", "U": 10473183460, "u": 10473183463, "b": [["12.20000000", "412.35000000"], ["12.19000000", "6001.01000000"], ["12.18000000", "14644.61000000"], ["12.17000000", "16078.17000000"]], "a": []}
{"e": "depthUpdate", "E": 1727301901746, "s": "LINKUSDT", "U": 10473183464, "u": 10473183473, "b": [["12.18000000", "15282.68000000"], ["12.17000000", "15439.59000000"]], "a": [["12.21000000", "9248.27000000"], ["12.25000000", "1029.79000000"], ["12.27000000", "811.66000000"]]}
{"e": "depthUpdate", "E": 1727301901846, "s": "LINKUSDT", "U": 10473183474, "u": 10473183481, "b": [["12.19000000", "6082.04000000"], ["12.18000000", "15201.65000000"], ["12.17000000", "15603.59000000"]], "a": [["12.21000000", "9117.27000000"]]}
{"e": "depthUpdate", "E": 1727301901946, "s": "LINKUSDT", "U": 10473183482, "u": 10473183485, "b": [["12.18000000", "15414.34000000"], ["12.17000000", "15390.68000000"]], "a": [["12.21000000", "9111.18000000"]]}
{"e": "depthUpdate", "E": 1727301902046, "s": "LINKUSDT", "U": 10473183486, "u": 10473183488, "b": [["12.20000000", "413.62000000"]], "a": [["12.21000000", "9103.10000000"]]}
{"e": "depthUpdate", "E": 1727301902246, "s": "LINKUSDT", "U": 10473183489, "u": 10473183491, "b": [["12.19000000", "6081.62000000"]], "a": [["12.21000000", "9025.21000000"]]}
{"e": "depthUpdate", "E": 1727301902346, "s": "LINKUSDT", "U": 10473183492, "u": 10473183509, "b": [["12.20000000", "360.66000000"], ["12.18000000", "15201.48000000"], ["12.17000000", "15603.37000000"]], "a": [["12.21000000", "9542.87000000"], ["12.23000000", "18616.52000000"]]}
{"e": "depthUpdate", "E": 1727301902446, "s": "LINKUSDT", "U": 10473183510, "u": 10473183547, "b": [["12.20000000", "387.10000000"], ["12.19000000", "5696.65000000"], ["12.18000000", "14662.70000000"], ["12.17000000", "16028.75000000"], ["12.16000000", "5600.18000000"]], "a": [["12.21000000", "10774.09000000"], ["12.22000000", "10694.62000000"], ["12.23000000", "19105.29000000"], ["12.24000000", "7720.67000000"], ["12.25000000", "1015.95000000"]]}
{"e": "depthUpdate", "E": 1727301902546, "s": "LINKUSDT", "U": 10473183548, "u": 10473183564, "b": [["12.18000000", "14672.22000000"], ["12.04000000", "303.19000000"]], "a": [["12.21000000", "9610.63000000"], ["12.22000000", "10432.38000000"], ["12.23000000", "18843.05000000"]]}
{"e": "depthUpdate", "E": 1727301902646, "s": "LINKUSDT", "U": 10473183565, "u": 10473183570, "b": [], "a": [["12.21000000", "9606.58000000"]]}
{"e": "depthUpdate", "E": 1727301902746, "s": "LINKUSDT", "U": 10473183571, "u": 10473183600, "b": [["12.19000000", "5664.76000000"]], "a": [["12.21000000", "8986.10000000"]]}
{"e": "depthUpdate", "E": 1727301902846, "s": "LINKUSDT", "U": 10473183601, "u": 10473183634, "b": [["12.19000000", "5636.94000000"], ["12.18000000", "14662.70000000"]], "a": [["12.21000000", "8908.76000000"], ["12.22000000", "11026.88000000"]]}
{"e": "depthUpdate", "E": 1727301902946, "s": "LINKUSDT", "U": 10473183635, "u": 10473183636, "b": [], "a": [["12.21000000", "8949.72000000"]]}
{"e": "depthUpdate", "E": 1727301903046, "s": "LINKUSDT", "U": 10473183637, "u": 10473183641, "b": [["12.20000000", "413.57000000"]], "a": [["12.21000000", "9134.05000000"]]}
{"e": "depthUpdate", "E": 1727301903146, "s": "LINKUSDT", "U": 10473183642, "u": 10473183644, "b": [], "a": [["12.21000000", "9221.82000000"], ["12.23000000", "18837.21000000"]]}
{"e": "depthUpdate", "E": 1727301903246, "s": "LINKUSDT", "U": 10473183645, "u": 10473183645, "b": [], "a": [["12.21000000", "9217.75000000"]]}
{"e": "depthUpdate", "E": 1727301903346, "s": "LINKUSDT", "U": 10473183646, "u": 10473183673, "b": [["12.20000000", "508.51000000"], ["12.19000000", "6026.94000000"], ["12.18000000", "14580.65000000"], ["12.17000000", "15858.03000000"], ["12.16000000", "5345.52000000"]], "a": [["12.21000000", "8992.63000000"], ["12.22000000", "10613.22000000"], ["12.23000000", "19214.75000000"]]}
{"e": "depthUpdate", "E": 1727301903446, "s": "LINKUSDT", "U": 10473183674, "u": 10473183689, "b": [["12.19000000", "5665.31000000"], ["12.18000000", "14994.86000000"]], "a": [["12.21000000", "8685.41000000"], ["12.23000000", "19250.45000000"]]}
{"e": "depthUpdate", "E": 1727301903646, "s": "LINKUSDT", "U": 10473183690, "u": 10473183693, "b": [["12.17000000", "15744.78000000"], ["12.16000000", "5232.46000000"]], "a": [["12.21000000", "8677.32000000"]]}
{"e": "depthUpdate", "E": 1727301903746, "s": "LINKUSDT", "U": 10473183694, "u": 10473183698, "b": [["12.18000000", "15107.92000000"], ["12.17000000", "15857.84000000"]], "a": [["12.21000000", "8673.28000000"]]}
{"e": "depthUpdate", "E": 1727301903846, "s": "LINKUSDT", "U": 10473183699, "u": 10473183704, "b": [], "a": [["12.21000000", "8898.57000000"]]}
{"e": "depthUpdate", "E": 1727301904046, "s": "LINKUSDT", "U": 10473183705, "u": 10473183709, "b": [], "a": [["12.21000000", "9152.65000000"], ["12.22000000", "10875.41000000"], ["12.23000000", "19512.64000000"]]}
{"e": "depthUpdate", "E": 1727301904146, "s": "LINKUSDT", "U": 10473183710, "u": 10473183721, "b": [["12.20000000", "426.59000000"], ["12.19000000", "5586.71000000"], ["11.77000000", "116.72000000"]], "a": [["12.21000000", "9377.91000000"]]}
{"e": "depthUpdate", "E": 1727301904246, "s": "LINKUSDT", "U": 10473183722, "u": 10473183752, "b": [["12.20000000", "828.19000000"], ["12.19000000", "5150.06000000"], ["12.17000000", "15892.32000000"]], "a": [["12.21000000", "9922.70000000"], ["12.34000000", "4383.38000000"], ["12.46000000", "34.02000000"]]}
{"e": "depthUpdate", "E": 1727301904346, "s": "LINKUSDT", "U": 10473183753, "u": 10473183767, "b": [["12.20000000", "801.72000000"], ["12.18000000", "15117.36000000"]], "a": [["12.21000000", "10150.25000000"]]}
{"e": "depthUpdate", "E": 1727301904446, "s": "LINKUSDT", "U": 10473183768, "u": 10473183792, "b": [["12.20000000", "809.91000000"], ["12.19000000", "5243.00000000"], ["12.18000000", "15107.92000000"]], "a": [["12.21000000", "9474.82000000"], ["12.22000000", "10280.91000000"]]}
{"e": "depthUpdate", "E": 1727301904546, "s": "LINKUSDT", "U": 10473183793, "u": 10473183801, "b": [["12.20000000", "871.35000000"], ["12.19000000", "5252.47000000"]], "a": [["12.21000000", "9429.23000000"]]}
{"e": "depthUpdate", "E": 1727301904646, "s": "LINKUSDT", "U": 10473183802, "u": 10473183810, "b": [["12.19000000", "5642.47000000"]], "a": [["12.21000000", "9511.16000000"], ["12.22000000", "10355.63000000"]]}
{"e": "depthUpdate", "E": 1727301904746, "s": "LINKUSDT", "U": 10473183811, "u": 10473183817, "b": [["12.20000000", "841.83000000"]], "a": [["12.21000000", "9552.13000000"]]}
{"e": "depthUpdate", "E": 1727301904846, "s": "LINKUSDT", "U": 10473183818, "u": 10473183846, "b": [["12.20000000", "413.32000000"], ["12.19000000", "5159.53000000"]], "a": [["12.21000000", "10151.99000000"], ["12.22000000", "10544.50000000"], ["12.23000000", "19323.72000000"]]}
{"e": "depthUpdate", "E": 1727301904947, "s": "LINKUSDT", "U": 10473183847, "u": 10473183859, "b": [["12.19000000", "5150.06000000"], ["12.18000000", "15117.43000000"]], "a": [["12.21000000", "10821.61000000"]]}
{"e": "depthUpdate", "E": 1727301905046, "s": "LINKUSDT", "U": 10473183860, "u": 10473183869, "b": [["12.19000000", "4279.77000000"], ["12.18000000", "15937.20000000"]], "a": [["12.21000000", "11813.36000000"], ["12.22000000", "9913.40000000"], ["12.23000000", "19134.81000000"]]}
{"e": "depthUpdate", "E": 1727301905146, "s": "LINKUSDT", "U": 10473183870, "u": 10473183883, "b": [["12.19000000", "4177.33000000"], ["12.18000000", "16089.94000000"], ["12.17000000", "15779.26000000"], ["12.16000000", "5345.52000000"]], "a": [["12.21000000", "12005.32000000"], ["12.22000000", "9907.86000000"], ["12.23000000", "19560.19000000"], ["12.24000000", "7295.29000000"]]}
{"e": "depthUpdate", "E": 1727301905246, "s": "LINKUSDT", "U": 10473183884, "u": 10473183885, "b": [], "a": [["12.21000000", "12009.87000000"]]}
{"e": "depthUpdate", "E": 1727301905346, "s": "LINKUSDT", "U": 10473183886, "u": 10473183889, "b": [], "a": [["12.21000000", "12026.09000000"]]}
{"e": "depthUpdate", "E": 1727301905546, "s": "LINKUSDT", "U": 10473183890, "u": 10473183949, "b": [["12.20000000", "0.00000000"], ["12.19000000", "4034.99000000"], ["12.18000000", "15108.33000000"], ["12.17000000", "16596.87000000"], ["12.15000000", "2030.24000000"]], "a": [["12.20000000", "2928.66000000"], ["12.21000000", "12146.23000000"], ["12.22000000", "9729.17000000"], ["12.23000000", "19497.99000000"], ["12.25000000", "920.99000000"], ["12.27000000", "803.66000000"]]}
{"e": "depthUpdate", "E": 1727301905646, "s": "LINKUSDT", "U": 10473183950, "u": 10473184069, "b": [["12.19000000", "3992.71000000"], ["12.18000000", "14256.89000000"], ["12.17000000", "17022.59000000"], ["12.16000000", "5771.24000000"], ["12.15000000", "1981.94000000"], ["12.14000000", "1668.04000000"], ["12.13000000", "6585.39000000"], ["12.10000000", "10862.22000000"], ["12.06000000", "391.75000000"]], "a": [["12.20000000", "2300.87000000"], ["12.21000000", "11743.66000000"], ["12.22000000", "10457.06000000"], ["12.23000000", "19218.31000000"], ["12.24000000", "6052.70000000"], ["12.25000000", "971.78000000"], ["12.26000000", "7175.97000000"]]}
{"e": "depthUpdate", "E": 1727301905746, "s": "LINKUSDT", "U": 10473184070, "u": 10473184088, "b": [["12.19000000", "4160.35000000"], ["12.18000000", "15259.89000000"]], "a": [["12.20000000", "2248.10000000"], ["12.21000000", "11735.60000000"]]}
{"e": "depthUpdate", "E": 1727301905846, "s": "LINKUSDT", "U": 10473184089, "u": 10473184093, "b": [["12.19000000", "4273.35000000"]], "a": [["12.20000000", "1168.20000000"]]}
{"e": "depthUpdate", "E": 1727301905946, "s": "LINKUSDT", "U": 10473184094, "u": 10473184097, "b": [], "a": [["12.20000000", "930.72000000"]]}
{"e": "depthUpdate", "E": 1727301906046, "s": "LINKUSDT", "U": 10473184098, "u": 10473184098, "b": [["12.16000000", "5791.24000000"]], "a": []}
{"e": "depthUpdate", "E": 1727301906146, "s": "LINKUSDT", "U": 10473184099, "u": 10473184099, "b": [["11.79000000", "23.00000000"], ["11.76000000", "79.58000000"]], "a": []}
{"e": "depthUpdate", "E": 1727301906346, "s": "LINKUSDT", "U": 10473184100, "u": 10473184101, "b": [["12.19000000", "4273.77000000"]], "a": [["12.22000000", "10457.47000000"]]}
{"e": "depthUpdate", "E": 1727301906646, "s": "LINKUSDT", "U": 10473184102, "u": 10473184107, "b": [["12.19000000", "4273.77000000"]], "a": [["12.20000000", "1050.28000000"], ["12.21000000", "11571.74000000"]]}
{"e": "depthUpdate", "E": 1727301906846, "s": "LINKUSDT", "U": 10473184108, "u": 10473184119, "b": [["12.19000000", "4374.64000000"]], "a": [["12.21000000", "11433.66000000"]]}
{"e": "depthUpdate", "E": 1727301907046, "s": "LINKUSDT", "U": 10473184120, "u": 10473184122, "b": [["12.19000000", "4456.64000000"]], "a": [["12.21000000", "11269.80000000"]]}
{"e": "depthUpdate", "E": 1727301907146, "s": "LINKUSDT", "U": 10473184123, "u": 10473184123, "b": [], "a": [["12.21000000", "11251.28000000"]]}
{"e": "depthUpdate", "E": 1727301907246, "s": "LINKUSDT", "U": 10473184124, "u": 10473184126, "b": [["12.19000000", "4506.46000000"]], "a": []}
{"e": "depthUpdate", "E": 1727301907346, "s": "LINKUSDT", "U": 10473184127, "u": 10473184127, "b": [], "a": [["12.21000000", "11307.40000000"]]}
{"e": "depthUpdate", "E": 1727301907646, "s": "LINKUSDT", "U": 10473184128, "u": 10473184128, "b": [["12.19000000", "4639.25000000"]], "a": []}
{"e": "depthUpdate", "E": 1727301908046, "s": "LINKUSDT", "U": 10473184129, "u": 10473184131, "b": [["12.19000000", "4455.81000000"]], "a": []}
{"e": "depthUpdate", "E": 1727301908146, "s": "LINKUSDT", "U": 10473184132, "u": 10473184132, "b": [["12.15000000", "1982.73000000"]], "a": []}
{"e": "depthUpdate", "E": 1727301908246, "s": "LINKUSDT", "U": 10473184133, "u": 10473184135, "b": [["12.19000000", "4455.39000000"]], "a": [["12.20000000", "1242.13000000"]]}
{"e": "depthUpdate", "E": 1727301908346, "s": "LINKUSDT", "U": 10473184136, "u": 10473184136, "b": [], "a": [["12.22000000", "10457.06000000"]]}
{"e": "depthUpdate", "E": 1727301908446, "s": "LINKUSDT", "U": 10473184137, "u": 10473184138, "b": [["12.18000000", "15260.31000000"]], "a": [["12.20000000", "1242.54000000"]]}
{"e": "depthUpdate", "E": 1727301908846, "s": "LINKUSDT", "U": 10473184139, "u": 10473184139, "b": [], "a": [["12.21000000", "11381.64000000"]]}
{"e": "depthUpdate", "E": 1727301908946, "s": "LINKUSDT", "U": 10473184140, "u": 10473184140, "b": [], "a": [["12.21000000", "11325.52000000"]]}
{"e": "depthUpdate", "E": 1727301909046, "s": "LINKUSDT", "U": 10473184141, "u": 10473184144, "b": [], "a": [["12.21000000", "11594.90000000"], ["12.22000000", "11179.08000000"], ["12.23000000", "18226.91000000"]]}
{"e": "depthUpdate", "E": 1727301909446, "s": "LINKUSDT", "U": 10473184145, "u": 10473184145, "b": [], "a": [["12.21000000", "11651.03000000"]]}
{"e": "depthUpdate", "E": 1727301909546, "s": "LINKUSDT", "U": 10473184146, "u": 10473184147, "b": [["12.18000000", "15047.45000000"], ["12.16000000", "6004.10000000"]], "a": []}
{"e": "depthUpdate", "E": 1727301909646, "s": "LINKUSDT", "U": 10473184148, "u": 10473184148, "b": [], "a": [["12.21000000", "11594.90000000"]]}
{"e": "depthUpdate", "E": 1727301910146, "s": "LINKUSDT", "U": 10473184149, "u": 10473184149, "b": [], "a": [["12.21000000", "11613.46000000"]]}
{"e": "depthUpdate", "E": 1727301910246, "s": "LINKUSDT", "U": 10473184150, "u": 10473184156, "b": [["12.19000000", "4240.61000000"]], "a": [["12.20000000", "1168.61000000"], ["12.21000000", "11601.25000000"]]}
{"e": "depthUpdate", "E": 1727301910346, "s": "LINKUSDT", "U": 10473184157, "u": 10473184159, "b": [["12.19000000", "3603.35000000"]], "a": [["12.20000000", "1557.00000000"]]}
{"e": "depthUpdate", "E": 1727301910446, "s": "LINKUSDT", "U": 10473184160, "u": 10473184165, "b": [["12.19000000", "3756.09000000"], ["12.18000000", "14858.72000000"], ["12.17000000", "17211.60000000"]], "a": [["12.21000000", "11339.06000000"], ["12.22000000", "10916.89000000"], ["12.23000000", "17964.72000000"]]}
{"e": "depthUpdate", "E": 1727301910546, "s": "LINKUSDT", "U": 10473184166, "u": 10473184169, "b": [["12.17000000", "17424.45000000"], ["12.16000000", "5791.24000000"]], "a": [["12.20000000", "1168.61000000"], ["12.24000000", "6298.50000000"]]}
{"e": "depthUpdate", "E": 1727301910646, "s": "LINKUSDT", "U": 10473184170, "u": 10473184174, "b": [["12.19000000", "3791.78000000"], ["12.16000000", "7020.90000000"], ["12.15000000", "753.35000000"]], "a": []}
{"e": "depthUpdate", "E": 1727301910746, "s": "LINKUSDT", "U": 10473184175, "u": 10473184177, "b": [], "a": [["12.21000000", "11601.37000000"], ["12.22000000", "11179.20000000"], ["12.23000000", "18227.03000000"]]}
{"e": "depthUpdate", "E": 1727301910846, "s": "LINKUSDT", "U": 10473184178, "u": 10473184180, "b": [], "a": [["12.22000000", "11392.05000000"], ["12.24000000", "6085.64000000"], ["12.27000000", "240.28000000"]]}
{"e": "depthUpdate", "E": 1727301911146, "s": "LINKUSDT", "U": 10473184181, "u": 10473184212, "b": [["12.19000000", "3512.55000000"], ["12.18000000", "14046.75000000"], ["12.17000000", "17613.46000000"], ["12.16000000", "7397.76000000"], ["12.15000000", "1575.76000000"]], "a": [["12.20000000", "1730.64000000"], ["12.21000000", "11191.84000000"], ["12.22000000", "12613.27000000"], ["12.23000000", "17007.04000000"]]}
{"e": "depthUpdate", "E": 1727301911246, "s": "LINKUSDT", "U": 10473184213, "u": 10473184218, "b": [], "a": [["12.21000000", "11027.98000000"], ["12.22000000", "13038.99000000"], ["12.23000000", "16581.32000000"]]}
{"e": "depthUpdate", "E": 1727301911346, "s": "LINKUSDT", "U": 10473184219, "u": 10473184220, "b": [["12.17000000", "17575.54000000"], ["12.16000000", "7435.88000000"]], "a": []}
{"e": "depthUpdate", "E": 1727301911846, "s": "LINKUSDT", "U": 10473184221, "u": 10473184223, "b": [["12.19000000", "3522.17000000"]], "a": []}
{"e": "depthUpdate", "E": 1727301911946, "s": "LINKUSDT", "U": 10473184224, "u": 10473184224, "b": [["12.19000000", "3512.55000000"]], "a": []}
{"e": "depthUpdate", "E": 1727301912146, "s": "LINKUSDT", "U": 10473184225, "u": 10473184228, "b": [["12.19000000", "3531.11000000"]], "a": [["12.21000000", "11009.42000000"], ["12.22000000", "13792.07000000"]]}
{"e": "depthUpdate", "E": 1727301912246, "s": "LINKUSDT", "U": 10473184229, "u": 10473184230, "b": [["12.10000000", "11118.50000000"], ["12.06000000", "134.62000000"]], "a": []}
{"e": "depthUpdate", "E": 1727301912446, "s": "LINKUSDT", "U": 10473184231, "u": 10473184233, "b": [["12.18000000", "14093.28000000"]], "a": [["12.21000000", "10927.50000000"]]}
{"e": "depthUpdate", "E": 1727301912546, "s": "LINKUSDT", "U": 10473184234, "u": 10473184234, "b": [["12.13000000", "6573.41000000"]], "a": []}
{"e": "depthUpdate", "E": 1727301912646, "s": "LINKUSDT", "U": 10473184235, "u": 10473184235, "b": [], "a": [["12.24000000", "6086.39000000"]]}
{"e": "depthUpdate", "E": 1727301912846, "s": "LINKUSDT", "U": 10473184236, "u": 10473184236, "b": [["12.13000000", "6585.36000000"]], "a": []}
{"e": "depthUpdate", "E": 1727301913446, "s": "LINKUSDT", "U": 10473184237, "u": 10473184238, "b": [], "a": [["12.22000000", "14004.93000000"], ["12.23000000", "16368.46000000"]]}
{"e": "depthUpdate", "E": 1727301913746, "s": "LINKUSDT", "U": 10473184239, "u": 10473184239, "b": [["10.97000000", "64.75000000"]], "a": []}
{"e": "depthUpdate", "E": 1727301913846, "s": "LINKUSDT", "U": 10473184240, "u": 10473184240, "b": [["4.39000000", "228.79000000"]], "a": []}
{"e": "depthUpdate", "E": 1727301913946, "s": "LINKUSDT", "U": 10473184241, "u": 10473184241, "b": [["10.97000000", "65.75000000"]], "a": []}
{"e": "depthUpdate", "E": 1727301914146, "s": "LINKUSDT", "U": 10473184242, "u": 10473184308, "b": [["12.19000000", "3059.17000000"], ["12.18000000", "12714.42000000"], ["12.17000000", "18516.29000000"], ["12.16000000", "7875.06000000"], ["12.10000000", "10862.22000000"], ["12.06000000", "391.75000000"]], "a": [["12.20000000", "2684.79000000"], ["12.21000000", "12160.04000000"], ["12.22000000", "12808.68000000"], ["12.23000000", "15541.45000000"]]}
{"e": "depthUpdate", "E": 1727301914246, "s": "LINKUSDT", "U": 10473184309, "u": 10473184313, "b": [["12.19000000", "2961.43000000"], ["12.18000000", "12861.75000000"], ["12.14000000", "1760.16000000"]], "a": [["12.20000000", "2955.94000000"], ["12.23000000", "15279.14000000"]]}
{"e": "depthUpdate", "E": 1727301914346, "s": "LINKUSDT", "U": 10473184314, "u": 10473184328, "b": [["12.19000000", "2849.91000000"]], "a": []}
{"e": "depthUpdate", "E": 1727301914446, "s": "LINKUSDT", "U": 10473184329, "u": 10473184330, "b": [], "a": [["12.22000000", "12921.84000000"], ["12.23000000", "15166.08000000"]]}
{"e": "depthUpdate", "E": 1727301914646, "s": "LINKUSDT", "U": 10473184331, "u": 10473184337, "b": [["12.19000000", "2862.34000000"]], "a": []}
{"e": "depthUpdate", "E": 1727301914746, "s": "LINKUSDT", "U": 10473184338, "u": 10473184351, "b": [["12.19000000", "2862.34000000"], ["12.14000000", "1828.41000000"], ["12.04000000", "333.40000000"]], "a": []}
{"e": "depthUpdate", "E": 1727301914846, "s": "LINKUSDT", "U": 10473184352, "u": 10473184352, "b": [], "a": [["12.21000000", "12169.92000000"]]}
{"e": "depthUpdate", "E": 1727301914946, "s": "LINKUSDT", "U": 10473184353, "u": 10473184360, "b": [["12.19000000", "2900.13000000"]], "a": [["12.20000000", "2955.94000000"], ["12.21000000", "11760.20000000"], ["12.22000000", "13740.25000000"], ["12.23000000", "15166.08000000"]]}
{"e": "depthUpdate", "E": 1727301915046, "s": "LINKUSDT", "U": 10473184361, "u": 10473184366, "b": [["12.19000000", "2903.95000000"]], "a": [["12.20000000", "2693.59000000"], ["12.23000000", "15166.08000000"]]}
{"e": "depthUpdate", "E": 1727301915246, "s": "LINKUSDT", "U": 10473184367, "u": 10473184367, "b": [], "a": [["12.23000000", "15428.42000000"]]}
{"e": "depthUpdate", "E": 1727301915848, "s": "LINKUSDT", "U": 10473184368, "u": 10473184368, "b": [], "a": [["12.20000000", "2955.94000000"], ["12.23000000", "15166.08000000"]]}
{"e": "depthUpdate", "E": 1727301915946, "s": "LINKUSDT", "U": 10473184369, "u": 10473184413, "b": [["12.19000000", "1884.06000000"], ["12.18000000", "11773.30000000"], ["12.17000000", "20540.69000000"]], "a": [["12.20000000", "3052.43000000"], ["12.21000000", "12395.11000000"], ["12.22000000", "12732.92000000"], ["12.23000000", "14953.39000000"]]}
{"e": "depthUpdate", "E": 1727301916046, "s": "LINKUSDT", "U": 10473184414, "u": 10473184422, "b": [["12.19000000", "1929.49000000"]], "a": [["12.20000000", "2790.08000000"], ["12.21000000", "12415.80000000"], ["12.22000000", "12187.71000000"]]}
{"e": "depthUpdate", "E": 1727301916146, "s": "LINKUSDT", "U": 10473184423, "u": 10473184424, "b": [], "a": [["12.22000000", "12300.87000000"], ["12.23000000", "14840.33000000"]]}
{"e": "depthUpdate", "E": 1727301916246, "s": "LINKUSDT", "U": 10473184425, "u": 10473184426, "b": [["12.04000000", "402.02000000"]], "a": [["12.20000000", "2820.36000000"]]}
{"e": "depthUpdate", "E": 1727301916346, "s": "LINKUSDT", "U": 10473184427, "u": 10473184429, "b": [], "a": [["12.20000000", "3082.73000000"], ["12.21000000", "12678.17000000"], ["12.22000000", "12563.24000000"]]}
{"e": "depthUpdate", "E": 1727301916446, "s": "LINKUSDT", "U": 10473184430, "u": 10473184430, "b": [["12.13000000", "6573.41000000"]], "a": []}
{"e": "depthUpdate", "E": 1727301916546, "s": "LINKUSDT", "U": 10473184431, "u": 10473184431, "b": [], "a": [["12.21000000", "12704.55000000"]]}
{"e": "depthUpdate", "E": 1727301916646, "s": "LINKUSDT", "U": 10473184432, "u": 10473184432, "b": [["12.13000000", "6585.24000000"]], "a": []}
{"e": "depthUpdate", "E": 1727301916846, "s": "LINKUSDT", "U": 10473184433, "u": 10473184435, "b": [], "a": [["12.21000000", "12907.52000000"], ["12.23000000", "14627.47000000"]]}
{"e": "depthUpdate", "E": 1727301917249, "s": "LINKUSDT", "U": 10473184436, "u": 10473184437, "b": [["12.18000000", "11660.14000000"], ["12.16000000", "7988.22000000"]], "a": []}
{"e": "depthUpdate", "E": 1727301917354, "s": "LINKUSDT", "U": 10473184438, "u": 10473184477, "b": [["12.19000000", "1023.40000000"], ["12.18000000", "10838.00000000"], ["12.17000000", "20729.77000000"]], "a": [["12.20000000", "4269.39000000"], ["12.21000000", "12520.93000000"], ["12.23000000", "13656.70000000"]]}
{"e": "depthUpdate", "E": 1727301917446, "s": "LINKUSDT", "U": 10473184478, "u": 10473184516, "b": [["12.19000000", "766.59000000"], ["12.18000000", "10836.23000000"], ["12.17000000", "21131.72000000"], ["12.16000000", "8661.00000000"]], "a": [["12.20000000", "4862.04000000"], ["12.21000000", "13887.48000000"], ["12.22000000", "11735.85000000"], ["12.23000000", "13117.82000000"]]}
{"e": "depthUpdate", "E": 1727301917546, "s": "LINKUSDT", "U": 10473184517, "u": 10473184526, "b": [["12.19000000", "684.59000000"], ["12.18000000", "10885.82000000"], ["12.17000000", "21097.24000000"]], "a": [["12.20000000", "4605.76000000"], ["12.21000000", "13625.11000000"], ["12.22000000", "11473.48000000"]]}
{"e": "depthUpdate", "E": 1727301917746, "s": "LINKUSDT", "U": 10473184527, "u": 10473184527, "b": [], "a": [["12.20000000", "4603.74000000"]]}
{"e": "depthUpdate", "E": 1727301917846, "s": "LINKUSDT", "U": 10473184528, "u": 10473184529, "b": [], "a": [["12.21000000", "13679.97000000"], ["12.22000000", "11418.62000000"]]}
{"e": "depthUpdate", "E": 1727301917946, "s": "LINKUSDT", "U": 10473184530, "u": 10473184531, "b": [["12.17000000", "20097.24000000"], ["12.16000000", "9661.00000000"]], "a": []}
{"e": "depthUpdate", "E": 1727301918146, "s": "LINKUSDT", "U": 10473184532, "u": 10473184532, "b": [], "a": [["12.21000000", "13665.23000000"]]}
{"e": "depthUpdate", "E": 1727301918346, "s": "LINKUSDT", "U": 10473184533, "u": 10473184533, "b": [], "a": [["12.20000000", "4645.98000000"], ["12.21000000", "13624.39000000"]]}
{"e": "depthUpdate", "E": 1727301918446, "s": "LINKUSDT", "U": 10473184534, "u": 10473184538, "b": [["12.16000000", "9641.00000000"], ["12.13000000", "6573.41000000"]], "a": [["12.20000000", "4908.40000000"], ["12.21000000", "13886.81000000"], ["12.22000000", "11681.04000000"]]}
{"e": "depthUpdate", "E": 1727301918546, "s": "LINKUSDT", "U": 10473184539, "u": 10473184539, "b": [], "a": [["12.20000000", "4912.44000000"]]}
{"e": "depthUpdate", "E": 1727301918646, "s": "LINKUSDT", "U": 10473184540, "u": 10473184540, "b": [["12.12000000", "481.47000000"]], "a": []}
{"e": "depthUpdate", "E": 1727301918746, "s": "LINKUSDT", "U": 10473184541, "u": 10473184542, "b": [["12.19000000", "684.58000000"]], "a": []}
{"e": "depthUpdate", "E": 1727301919349, "s": "LINKUSDT", "U": 10473184543, "u": 10473184544, "b": [["12.18000000", "10772.66000000"], ["12.16000000", "9754.16000000"]], "a": []}
{"e": "depthUpdate", "E": 1727301919646, "s": "LINKUSDT", "U": 10473184545, "u": 10473184547, "b": [["12.19000000", "766.58000000"]], "a": []}
{"e": "depthUpdate", "E": 1727301919746, "s": "LINKUSDT", "U": 10473184548, "u": 10473184549, "b": [["12.18000000", "10808.66000000"]], "a": [["12.20000000", "4908.37000000"]]}
{"e": "depthUpdate", "E": 1727301919846, "s": "LINKUSDT", "U": 10473184550, "u": 10473184551, "b": [["12.19000000", "827.61000000"], ["12.18000000", "10851.46000000"], ["12.16000000", "9696.19000000"]], "a": []}
{"e": "depthUpdate", "E": 1727301919946, "s": "LINKUSDT", "U": 10473184552, "u": 10473184553, "b": [["12.19000000", "859.74000000"]], "a": [["12.20000000", "4866.13000000"]]}
{"e": "depthUpdate", "E": 1727301920246, "s": "LINKUSDT", "U": 10473184554, "u": 10473184556, "b": [], "a": [["12.20000000", "4858.02000000"], ["12.21000000", "14518.82000000"]]}
{"e": "depthUpdate", "E": 1727301920946, "s": "LINKUSDT", "U": 10473184557, "u": 10473184558, "b": [], "a": [["12.20000000", "5030.30000000"]]}
{"e": "depthUpdate", "E": 1727301921246, "s": "LINKUSDT", "U": 10473184559, "u": 10473184560, "b": [["12.16000000", "8466.53000000"], ["12.15000000", "2805.64000000"]], "a": []}
{"e": "depthUpdate", "E": 1727301921546, "s": "LINKUSDT", "U": 10473184561, "u": 10473184561, "b": [], "a": [["12.21000000", "14522.85000000"]]}
{"e": "depthUpdate", "E": 1727301923146, "s": "LINKUSDT", "U": 10473184562, "u": 10473184565, "b": [["12.19000000", "863.03000000"]], "a": [["12.20000000", "5034.38000000"]]}
{"e": "depthUpdate", "E": 1727301923246, "s": "LINKUSDT", "U": 10473184566, "u": 10473184566, "b": [], "a": [["12.20000000", "5036.40000000"]]}
{"e": "depthUpdate", "E": 1727301923946, "s": "LINKUSDT", "U": 10473184567, "u": 10473184567, "b": [["12.18000000", "11308.69000000"]], "a": []}
{"e": "depthUpdate", "E": 1727301924246, "s": "LINKUSDT", "U": 10473184568, "u": 10473184569, "b": [], "a": [["12.22000000", "12681.04000000"], ["12.23000000", "12117.82000000"]]}
{"e": "depthUpdate", "E": 1727301924346, "s": "LINKUSDT", "U": 10473184570, "u": 10473184572, "b": [], "a": [["12.20000000", "5048.56000000"]]}
{"e": "depthUpdate", "E": 1727301924746, "s": "LINKUSDT", "U": 10473184573, "u": 10473184573, "b": [["12.08000000", "953.17000000"]], "a": []}
{"e": "depthUpdate", "E": 1727301925046, "s": "LINKUSDT", "U": 10473184574, "u": 10473184575, "b": [], "a": [["12.34000000", "4329.43000000"], ["12.43000000", "83.18000000"]]}
{"e": "depthUpdate", "E": 1727301925146, "s": "LINKUSDT", "U": 10473184576, "u": 10473184579, "b": [["12.19000000", "855.55000000"], ["12.10000000", "11118.50000000"], ["12.06000000", "134.62000000"]], "a": []}
{"e": "depthUpdate", "E": 1727301925246, "s": "LINKUSDT", "U": 10473184580, "u": 10473184585, "b": [["12.19000000", "830.90000000"], ["12.18000000", "11497.77000000"], ["12.16000000", "8277.44000000"]], "a": [["12.20000000", "5089.45000000"], ["12.32000000", "10394.57000000"], ["12.43000000", "29.23000000"]]}
{"e": "depthUpdate", "E": 1727301925346, "s": "LINKUSDT", "U": 10473184586, "u": 10473184595, "b": [["12.19000000", "830.90000000"], ["12.18000000", "11454.97000000"], ["12.10000000", "10862.22000000"], ["12.05000000", "2072.94000000"]], "a": [["12.20000000", "5048.56000000"], ["12.32000000", "10340.62000000"], ["12.43000000", "83.18000000"]]}
{"e": "depthUpdate", "E": 1727301925446, "s": "LINKUSDT", "U": 10473184596, "u": 10473184606, "b": [["12.19000000", "830.90000000"]], "a": [["12.20000000", "5052.63000000"]]}
{"e": "depthUpdate", "E": 1727301925546, "s": "LINKUSDT", "U": 10473184607, "u": 10473184610, "b": [["12.19000000", "794.52000000"]], "a": []}
{"e": "depthUpdate", "E": 1727301925646, "s": "LINKUSDT", "U": 10473184611, "u": 10473184617, "b": [["12.19000000", "794.52000000"], ["12.16000000", "8336.89000000"]], "a": [["12.20000000", "5058.72000000"]]}
{"e": "depthUpdate", "E": 1727301925746, "s": "LINKUSDT", "U": 10473184618, "u": 10473184618, "b": [["12.19000000", "769.87000000"]], "a": []}
{"e": "depthUpdate", "E": 1727301925946, "s": "LINKUSDT", "U": 10473184619, "u": 10473184621, "b": [], "a": [["12.20000000", "5106.30000000"], ["12.21000000", "14472.53000000"]]}
{"e": "depthUpdate", "E": 1727301926246, "s": "LINKUSDT", "U": 10473184622, "u": 10473184623, "b": [["12.15000000", "2811.81000000"]], "a": [["12.20000000", "5110.34000000"]]}
{"e": "depthUpdate", "E": 1727301926346, "s": "LINKUSDT", "U": 10473184624, "u": 10473184629, "b": [["12.19000000", "794.51000000"], ["12.10000000", "11118.50000000"], ["12.05000000", "1815.60000000"]], "a": [["12.64000000", "101.21000000"]]}
{"e": "depthUpdate", "E": 1727301926546, "s": "LINKUSDT", "U": 10473184630, "u": 10473184632, "b": [["12.19000000", "769.87000000"]], "a": []}
{"e": "depthUpdate", "E": 1727301926646, "s": "LINKUSDT", "U": 10473184633, "u": 10473184636, "b": [["12.19000000", "794.51000000"], ["12.18000000", "11458.89000000"]], "a": []}
{"e": "depthUpdate", "E": 1727301926746, "s": "LINKUSDT", "U": 10473184637, "u": 10473184644, "b": [["12.19000000", "769.87000000"]], "a": [["12.20000000", "5147.45000000"], ["12.33000000", "242.84000000"], ["12.43000000", "29.23000000"], ["12.82000000", "81.05000000"]]}
{"e": "depthUpdate", "E": 1727301926846, "s": "LINKUSDT", "U": 10473184645, "u": 10473184647, "b": [["12.18000000", "11501.69000000"]], "a": [["12.20000000", "5147.46000000"]]}
{"e": "depthUpdate", "E": 1727301926946, "s": "LINKUSDT", "U": 10473184648, "u": 10473184649, "b": [], "a": [["12.20000000", "5141.40000000"]]}
{"e": "depthUpdate", "E": 1727301927046, "s": "LINKUSDT", "U": 10473184650, "u": 10473184650, "b": [], "a": [["13.00000000", "7339.74000000"]]}
{"e": "depthUpdate", "E": 1727301927246, "s": "LINKUSDT", "U": 10473184651, "u": 10473184651, "b": [], "a": [["12.20000000", "5137.32000000"]]}
{"e": "depthUpdate", "E": 1727301927346, "s": "LINKUSDT", "U": 10473184652, "u": 10473184652, "b": [["12.18000000", "11458.89000000"]], "a": []}
{"e": "depthUpdate", "E": 1727301927546, "s": "LINKUSDT", "U": 10473184653, "u": 10473184653, "b": [], "a": [["12.64000000", "696.19000000"]]}
{"e": "depthUpdate", "E": 1727301927646, "s": "LINKUSDT", "U": 10473184654, "u": 10473184655, "b": [["12.18000000", "11532.26000000"]], "a": [["12.22000000", "12606.32000000"]]}
{"e": "depthUpdate", "E": 1727301927746, "s": "LINKUSDT", "U": 10473184656, "u": 10473184657, "b": [], "a": [["12.20000000", "5133.25000000"], ["12.82000000", "438.04000000"]]}
{"e": "depthUpdate", "E": 1727301927846, "s": "LINKUSDT", "U": 10473184658, "u": 10473184658, "b": [], "a": [["12.20000000", "5129.17000000"]]}
{"e": "depthUpdate", "E": 1727301927946, "s": "LINKUSDT", "U": 10473184659, "u": 10473184660, "b": [["12.19000000", "766.05000000"]], "a": [["13.00000000", "7577.73000000"]]}
{"e": "depthUpdate", "E": 1727301928046, "s": "LINKUSDT", "U": 10473184661, "u": 10473184661, "b": [["12.15000000", "2805.64000000"]], "a": []}
{"e": "depthUpdate", "E": 1727301928146, "s": "LINKUSDT", "U": 10473184662, "u": 10473184664, "b": [["12.19000000", "778.01000000"]], "a": [["12.20000000", "5203.19000000"]]}
{"e": "depthUpdate", "E": 1727301928446, "s": "LINKUSDT", "U": 10473184665, "u": 10473184665, "b": [], "a": [["12.20000000", "5207.26000000"]]}
{"e": "depthUpdate", "E": 1727301929046, "s": "LINKUSDT", "U": 10473184666, "u": 10473184668, "b": [["12.19000000", "839.54000000"], ["12.16000000", "8277.44000000"], ["12.10000000", "10862.22000000"], ["12.06000000", "391.75000000"]], "a": []}
{"e": "depthUpdate", "E": 1727301929146, "s": "LINKUSDT", "U": 10473184669, "u": 10473184677, "b": [["12.19000000", "836.26000000"], ["12.18000000", "12131.69000000"], ["12.17000000", "19087.06000000"], ["12.15000000", "1983.23000000"]], "a": [["12.20000000", "5051.22000000"], ["12.22000000", "12393.46000000"], ["12.23000000", "12330.68000000"]]}
{"e": "depthUpdate", "E": 1727301929246, "s": "LINKUSDT", "U": 10473184678, "u": 10473184691, "b": [["12.19000000", "1087.26000000"], ["12.18000000", "12617.53000000"], ["12.16000000", "8461.20000000"]], "a": [["12.20000000", "4583.13000000"]]}
{"e": "depthUpdate", "E": 1727301929346, "s": "LINKUSDT", "U": 10473184692, "u": 10473184692, "b": [], "a": [["12.21000000", "14431.57000000"]]}
{"e": "depthUpdate", "E": 1727301929446, "s": "LINKUSDT", "U": 10473184693, "u": 10473184693, "b": [], "a": [["12.23000000", "12148.93000000"]]}
{"e": "depthUpdate", "E": 1727301929546, "s": "LINKUSDT", "U": 10473184694, "u": 10473184694, "b": [], "a": [["12.23000000", "12330.68000000"]]}
{"e": "depthUpdate", "E": 1727301929646, "s": "LINKUSDT", "U": 10473184695, "u": 10473184696, "b": [["12.16000000", "8461.20000000"]], "a": []}
{"e": "depthUpdate", "E": 1727301930546, "s": "LINKUSDT", "U": 10473184697, "u": 10473184700, "b": [], "a": [["12.21000000", "14021.86000000"], ["12.22000000", "12999.01000000"], ["12.23000000", "12543.54000000"]]}
{"e": "depthUpdate", "E": 1727301930646, "s": "LINKUSDT", "U": 10473184701, "u": 10473184702, "b": [], "a": [["12.21000000", "14431.55000000"], ["12.22000000", "12180.60000000"]]}
{"e": "depthUpdate", "E": 1727301931046, "s": "LINKUSDT", "U": 10473184703, "u": 10473184704, "b": [["12.19000000", "1081.09000000"], ["6.70000000", "1080.21000000"]], "a": []}
{"e": "depthUpdate", "E": 1727301931146, "s": "LINKUSDT", "U": 10473184705, "u": 10473184705, "b": [], "a": [["12.20000000", "4576.96000000"]]}
{"e": "depthUpdate", "E": 1727301931246, "s": "LINKUSDT", "U": 10473184706, "u": 10473184707, "b": [["12.19000000", "1130.69000000"], ["12.18000000", "12567.94000000"]], "a": []}
{"e": "depthUpdate", "E": 1727301932746, "s": "LINKUSDT", "U": 10473184708, "u": 10473184709, "b": [], "a": [["12.20000000", "4424.22000000"], ["12.21000000", "14584.29000000"]]}
{"e": "depthUpdate", "E": 1727301933146, "s": "LINKUSDT", "U": 10473184710, "u": 10473184715, "b": [["12.19000000", "997.28000000"], ["12.17000000", "18874.20000000"], ["12.16000000", "8733.51000000"]], "a": [["12.20000000", "4814.22000000"]]}
{"e": "depthUpdate", "E": 1727301933346, "s": "LINKUSDT", "U": 10473184716, "u": 10473184719, "b": [["12.19000000", "947.68000000"], ["12.18000000", "12617.54000000"]], "a": [["12.20000000", "4920.66000000"]]}
{"e": "depthUpdate", "E": 1727301933446, "s": "LINKUSDT", "U": 10473184720, "u": 10473184720, "b": [], "a": [["12.20000000", "4970.26000000"]]}
{"e": "depthUpdate", "E": 1727301933646, "s": "LINKUSDT", "U": 10473184721, "u": 10473184729, "b": [["12.19000000", "766.05000000"], ["12.18000000", "12277.87000000"], ["12.17000000", "19695.29000000"]], "a": [["12.20000000", "4974.34000000"]]}
{"e": "depthUpdate", "E": 1727301933746, "s": "LINKUSDT", "U": 10473184730, "u": 10473184734, "b": [["12.19000000", "771.94000000"], ["12.18000000", "11802.79000000"], ["12.17000000", "18874.20000000"]], "a": [["12.20000000", "4978.41000000"]]}
{"e": "depthUpdate", "E": 1727301933846, "s": "LINKUSDT", "U": 10473184735, "u": 10473184737, "b": [["12.19000000", "705.64000000"], ["12.18000000", "11869.09000000"]], "a": [["12.20000000", "4980.43000000"]]}
{"e": "depthUpdate", "E": 1727301934146, "s": "LINKUSDT", "U": 10473184738, "u": 10473184738, "b": [], "a": [["12.20000000", "4984.48000000"]]}
{"e": "depthUpdate", "E": 1727301934246, "s": "LINKUSDT", "U": 10473184739, "u": 10473184740, "b": [["12.19000000", "708.92000000"]], "a": [["12.20000000", "4988.55000000"]]}
{"e": "depthUpdate", "E": 1727301934446, "s": "LINKUSDT", "U": 10473184741, "u": 10473184741, "b": [["12.12000000", "469.45000000"]], "a": []}
{"e": "depthUpdate", "E": 1727301934546, "s": "LINKUSDT", "U": 10473184742, "u": 10473184742, "b": [], "a": [["12.20000000", "4992.63000000"]]}
{"e": "depthUpdate", "E": 1727301934646, "s": "LINKUSDT", "U": 10473184743, "u": 10473184744, "b": [["12.17000000", "18685.12000000"], ["12.12000000", "481.45000000"]], "a": []}
{"e": "depthUpdate", "E": 1727301934746, "s": "LINKUSDT", "U": 10473184745, "u": 10473184777, "b": [["12.19000000", "464.79000000"], ["12.18000000", "10100.88000000"], ["12.17000000", "18307.10000000"], ["12.16000000", "9773.76000000"]], "a": [["12.20000000", "5121.93000000"]]}
{"e": "depthUpdate", "E": 1727301934846, "s": "LINKUSDT", "U": 10473184778, "u": 10473184823, "b": [["12.18000000", "8684.63000000"], ["12.17000000", "18571.56000000"], ["12.16000000", "13133.75000000"], ["12.15000000", "1926.64000000"]], "a": [["12.20000000", "5499.86000000"], ["12.21000000", "14620.36000000"], ["12.22000000", "11956.14000000"], ["12.23000000", "12505.20000000"]]}
{"e": "depthUpdate", "E": 1727301934947, "s": "LINKUSDT", "U": 10473184824, "u": 10473184838, "b": [["12.18000000", "8842.68000000"], ["12.17000000", "18958.83000000"], ["12.16000000", "13772.33000000"]], "a": [["12.20000000", "5545.38000000"], ["12.22000000", "11994.73000000"]]}
{"e": "depthUpdate", "E": 1727301935046, "s": "LINKUSDT", "U": 10473184839, "u": 10473184842, "b": [], "a": [["12.20000000", "5631.47000000"], ["12.21000000", "14733.52000000"], ["12.23000000", "12392.04000000"]]}
{"e": "depthUpdate", "E": 1727301935146, "s": "LINKUSDT", "U": 10473184843, "u": 10473184845, "b": [["12.14000000", "1933.70000000"]], "a": [["12.20000000", "6451.48000000"], ["12.21000000", "13913.75000000"]]}
{"e": "depthUpdate", "E": 1727301935346, "s": "LINKUSDT", "U": 10473184846, "u": 10473184848, "b": [], "a": [["12.20000000", "6406.44000000"], ["12.21000000", "13281.74000000"]]}
{"e": "depthUpdate", "E": 1727301935446, "s": "LINKUSDT", "U": 10473184849, "u": 10473184850, "b": [], "a": [["12.20000000", "6445.42000000"]]}
{"e": "depthUpdate", "E": 1727301935646, "s": "LINKUSDT", "U": 10473184851, "u": 10473184851, "b": [], "a": [["12.20000000", "6363.42000000"]]}
{"e": "depthUpdate", "E": 1727301935746, "s": "LINKUSDT", "U": 10473184852, "u": 10473184854, "b": [], "a": [["12.20000000", "6240.42000000"]]}
{"e": "depthUpdate", "E": 1727301935846, "s": "LINKUSDT", "U": 10473184855, "u": 10473184855, "b": [], "a": [["12.20000000", "6236.38000000"]]}
{"e": "depthUpdate", "E": 1727301936046, "s": "LINKUSDT", "U": 10473184856, "u": 10473184856, "b": [], "a": [["12.21000000", "14026.36000000"]]}
{"e": "depthUpdate", "E": 1727301936346, "s": "LINKUSDT", "U": 10473184857, "u": 10473184870, "b": [], "a": [["12.21000000", "14062.25000000"], ["12.25000000", "863.75000000"], ["12.26000000", "6354.38000000"]]}
{"e": "depthUpdate", "E": 1727301936546, "s": "LINKUSDT", "U": 10473184871, "u": 10473184874, "b": [], "a": [["12.22000000", "12065.43000000"], ["12.25000000", "789.03000000"]]}
{"e": "depthUpdate", "E": 1727301936946, "s": "LINKUSDT", "U": 10473184875, "u": 10473184888, "b": [], "a": [["12.21000000", "14152.74000000"], ["12.22000000", "12861.80000000"], ["12.26000000", "6304.35000000"]]}
{"e": "depthUpdate", "E": 1727301937446, "s": "LINKUSDT", "U": 10473184889, "u": 10473184889, "b": [], "a": [["12.20000000", "6277.38000000"]]}
{"e": "depthUpdate", "E": 1727301937546, "s": "LINKUSDT", "U": 10473184890, "u": 10473184890, "b": [["12.18000000", "8806.68000000"]], "a": []}
{"e": "depthUpdate", "E": 1727301937646, "s": "LINKUSDT", "U": 10473184891, "u": 10473184891, "b": [], "a": [["12.20000000", "6281.42000000"]]}
{"e": "depthUpdate", "E": 1727301937746, "s": "LINKUSDT", "U": 10473184892, "u": 10473184893, "b": [], "a": [["12.20000000", "6236.34000000"]]}
{"e": "depthUpdate", "E": 1727301937946, "s": "LINKUSDT", "U": 10473184894, "u": 10473184894, "b": [], "a": [["12.20000000", "6232.30000000"]]}
{"e": "depthUpdate", "E": 1727301938146, "s": "LINKUSDT", "U": 10473184895, "u": 10473184895, "b": [], "a": [["12.20000000", "6228.23000000"]]}
{"e": "depthUpdate", "E": 1727301938546, "s": "LINKUSDT", "U": 10473184896, "u": 10473184896, "b": [], "a": [["12.20000000", "6224.18000000"]]}
{"e": "depthUpdate", "E": 1727301938646, "s": "LINKUSDT", "U": 10473184897, "u": 10473184897, "b": [], "a": [["12.20000000", "6296.64000000"]]}
{"e": "depthUpdate", "E": 1727301938846, "s": "LINKUSDT", "U": 10473184898, "u": 10473184898, "b": [], "a": [["12.20000000", "6300.69000000"]]}
{"e": "depthUpdate", "E": 1727301939046, "s": "LINKUSDT", "U": 10473184899, "u": 10473184899, "b": [["12.18000000", "9196.68000000"]], "a": []}
{"e": "depthUpdate", "E": 1727301939146, "s": "LINKUSDT", "U": 10473184900, "u": 10473184900, "b": [], "a": [["12.20000000", "6315.44000000"]]}
{"e": "depthUpdate", "E": 1727301939246, "s": "LINKUSDT", "U": 10473184901, "u": 10473184901, "b": [], "a": [["12.21000000", "13408.12000000"]]}
{"e": "depthUpdate", "E": 1727301939446, "s": "LINKUSDT", "U": 10473184902, "u": 10473184902, "b": [], "a": [["12.20000000", "6311.39000000"]]}
{"e": "depthUpdate", "E": 1727301940746, "s": "LINKUSDT", "U": 10473184903, "u": 10473184903, "b": [], "a": [["12.20000000", "6262.12000000"]]}
{"e": "depthUpdate", "E": 1727301940946, "s": "LINKUSDT", "U": 10473184904, "u": 10473184906, "b": [], "a": [["12.20000000", "6178.10000000"], ["12.21000000", "14112.94000000"]]}
{"e": "depthUpdate", "E": 1727301941046, "s": "LINKUSDT", "U": 10473184907, "u": 10473184911, "b": [["12.19000000", "471.35000000"]], "a": [["12.20000000", "5362.91000000"], ["12.21000000", "14933.00000000"]]}
{"e": "depthUpdate", "E": 1727301941146, "s": "LINKUSDT", "U": 10473184912, "u": 10473184928, "b": [["12.18000000", "9844.85000000"], ["12.17000000", "19350.86000000"], ["12.16000000", "12732.08000000"]], "a": [["12.20000000", "5342.56000000"]]}
{"e": "depthUpdate", "E": 1727301941246, "s": "LINKUSDT", "U": 10473184929, "u": 10473184929, "b": [], "a": [["12.20000000", "5340.54000000"]]}
{"e": "depthUpdate", "E": 1727301941446, "s": "LINKUSDT", "U": 10473184930, "u": 10473184930, "b": [], "a": [["12.20000000", "5336.45000000"]]}
{"e": "depthUpdate", "E": 1727301941546, "s": "LINKUSDT", "U": 10473184931, "u": 10473184932, "b": [["12.16000000", "12505.76000000"]], "a": []}
{"e": "depthUpdate", "E": 1727301941646, "s": "LINKUSDT", "U": 10473184933, "u": 10473184933, "b": [["12.16000000", "12392.60000000"]], "a": []}
{"e": "depthUpdate", "E": 1727301941746, "s": "LINKUSDT", "U": 10473184934, "u": 10473184936, "b": [["12.17000000", "19464.02000000"], ["12.16000000", "12618.92000000"]], "a": []}
{"e": "depthUpdate", "E": 1727301943246, "s": "LINKUSDT", "U": 10473184937, "u": 10473184942, "b": [["12.18000000", "10410.20000000"], ["12.17000000", "19275.21000000"], ["12.16000000", "12241.30000000"]], "a": []}
{"e": "depthUpdate", "E": 1727301943346, "s": "LINKUSDT", "U": 10473184943, "u": 10473184944, "b": [], "a": [["12.20000000", "5332.37000000"], ["12.23000000", "12356.34000000"]]}
{"e": "depthUpdate", "E": 1727301943446, "s": "LINKUSDT", "U": 10473184945, "u": 10473184951, "b": [["12.19000000", "464.79000000"], ["12.18000000", "9999.84000000"], ["12.17000000", "20096.30000000"]], "a": [["12.20000000", "5332.38000000"], ["12.21000000", "14968.61000000"]]}
{"e": "depthUpdate", "E": 1727301943546, "s": "LINKUSDT", "U": 10473184952, "u": 10473184962, "b": [["12.19000000", "489.43000000"]], "a": [["12.20000000", "5510.56000000"]]}
{"e": "depthUpdate", "E": 1727301943646, "s": "LINKUSDT", "U": 10473184963, "u": 10473184974, "b": [["12.19000000", "489.43000000"], ["12.18000000", "9999.83000000"]], "a": [["12.20000000", "5125.14000000"], ["12.21000000", "14706.19000000"], ["12.22000000", "12599.38000000"]]}
{"e": "depthUpdate", "E": 1727301943746, "s": "LINKUSDT", "U": 10473184975, "u": 10473184977, "b": [["12.19000000", "464.79000000"], ["12.18000000", "9990.28000000"], ["12.17000000", "20105.81000000"]], "a": []}
{"e": "depthUpdate", "E": 1727301943846, "s": "LINKUSDT", "U": 10473184978, "u": 10473184980, "b": [["12.19000000", "464.79000000"]], "a": [["12.20000000", "5174.39000000"]]}
{"e": "depthUpdate", "E": 1727301944046, "s": "LINKUSDT", "U": 10473184981, "u": 10473184981, "b": [["12.17000000", "20096.30000000"]], "a": []}
{"e": "depthUpdate", "E": 1727301944146, "s": "LINKUSDT", "U": 10473184982, "u": 10473184982, "b": [["12.18000000", "9999.94000000"]], "a": []}
{"e": "depthUpdate", "E": 1727301944246, "s": "LINKUSDT", "U": 10473184983, "u": 10473184986, "b": [], "a": [["12.20000000", "5190.70000000"]]}
{"e": "depthUpdate", "E": 1727301944346, "s": "LINKUSDT", "U": 10473184987, "u": 10473184989, "b": [], "a": [["12.20000000", "5276.78000000"]]}
{"e": "depthUpdate", "E": 1727301944446, "s": "LINKUSDT", "U": 10473184990, "u": 10473184994, "b": [["12.18000000", "9999.79000000"], ["12.17000000", "20096.30000000"]], "a": [["12.20000000", "5280.87000000"]]}
{"e": "depthUpdate", "E": 1727301944546, "s": "LINKUSDT", "U": 10473184995, "u": 10473184999, "b": [["12.18000000", "10400.63000000"], ["12.17000000", "19284.79000000"]], "a": [["12.20000000", "5276.83000000"]]}
{"e": "depthUpdate", "E": 1727301944846, "s": "LINKUSDT", "U": 10473185000, "u": 10473185003, "b": [["12.17000000", "19275.21000000"]], "a": [["12.20000000", "5190.78000000"]]}
{"e": "depthUpdate", "E": 1727301944946, "s": "LINKUSDT", "U": 10473185004, "u": 10473185004, "b": [["12.18000000", "10410.23000000"]], "a": []}
{"e": "depthUpdate", "E": 1727301945246, "s": "LINKUSDT", "U": 10473185005, "u": 10473185005, "b": [["12.18000000", "9999.88000000"]], "a": []}
{"e": "depthUpdate", "E": 1727301945346, "s": "LINKUSDT", "U": 10473185006, "u": 10473185010, "b": [["12.18000000", "9990.28000000"], ["12.17000000", "19284.80000000"]], "a": [["12.20000000", "5313.78000000"]]}
{"e": "depthUpdate", "E": 1727301945446, "s": "LINKUSDT", "U": 10473185011, "u": 10473185012, "b": [["12.17000000", "19916.87000000"]], "a": []}
{"e": "depthUpdate", "E": 1727301945546, "s": "LINKUSDT", "U": 10473185013, "u": 10473185017, "b": [["12.18000000", "10400.63000000"], ["12.17000000", "19095.78000000"], ["12.16000000", "12429.75000000"]], "a": [["12.20000000", "6133.85000000"], ["12.21000000", "13886.13000000"]]}
{"e": "depthUpdate", "E": 1727301945646, "s": "LINKUSDT", "U": 10473185018, "u": 10473185019, "b": [], "a": [["12.20000000", "6139.92000000"]]}
{"e": "depthUpdate", "E": 1727301945746, "s": "LINKUSDT", "U": 10473185020, "u": 10473185022, "b": [], "a": [["12.20000000", "6016.92000000"]]}
{"e": "depthUpdate", "E": 1727301945846, "s": "LINKUSDT", "U": 10473185023, "u": 10473185024, "b": [["12.17000000", "19035.45000000"]], "a": []}
{"e": "depthUpdate", "E": 1727301946146, "s": "LINKUSDT", "U": 10473185025, "u": 10473185028, "b": [], "a": [["12.20000000", "6143.96000000"]]}
{"e": "depthUpdate", "E": 1727301946346, "s": "LINKUSDT", "U": 10473185029, "u": 10473185029, "b": [["12.12000000", "469.45000000"]], "a": []}
{"e": "depthUpdate", "E": 1727301946546, "s": "LINKUSDT", "U": 10473185030, "u": 10473185030, "b": [["12.12000000", "481.40000000"]], "a": []}
{"e": "depthUpdate", "E": 1727301946646, "s": "LINKUSDT", "U": 10473185031, "u": 10473185031, "b": [], "a": [["12.20000000", "6148.00000000"]]}
{"e": "depthUpdate", "E": 1727301946746, "s": "LINKUSDT", "U": 10473185032, "u": 10473185034, "b": [["12.17000000", "19025.86000000"]], "a": []}
{"e": "depthUpdate", "E": 1727301946846, "s": "LINKUSDT", "U": 10473185035, "u": 10473185036, "b": [["12.18000000", "10400.63000000"]], "a": []}
{"e": "depthUpdate", "E": 1727301946946, "s": "LINKUSDT", "U": 10473185037, "u": 10473185037, "b": [["12.17000000", "19035.51000000"]], "a": []}
{"e": "depthUpdate", "E": 1727301947246, "s": "LINKUSDT", "U": 10473185038, "u": 10473185041, "b": [["12.18000000", "10400.63000000"], ["12.17000000", "19025.86000000"]], "a": [["12.21000000", "13890.17000000"]]}
{"e": "depthUpdate", "E": 1727301947346, "s": "LINKUSDT", "U": 10473185042, "u": 10473185042, "b": [["12.17000000", "19035.39000000"]], "a": []}
{"e": "depthUpdate", "E": 1727301947446, "s": "LINKUSDT", "U": 10473185043, "u": 10473185054, "b": [["12.18000000", "10410.09000000"], ["12.17000000", "19025.86000000"]], "a": [["12.20000000", "5194.76000000"], ["12.21000000", "14710.25000000"]]}
{"e": "depthUpdate", "E": 1727301947646, "s": "LINKUSDT", "U": 10473185055, "u": 10473185055, "b": [], "a": [["12.20000000", "5153.76000000"]]}
{"e": "depthUpdate", "E": 1727301948046, "s": "LINKUSDT", "U": 10473185056, "u": 10473185056, "b": [], "a": [["12.20000000", "5155.78000000"]]}
{"e": "depthUpdate", "E": 1727301948546, "s": "LINKUSDT", "U": 10473185057, "u": 10473185057, "b": [], "a": [["12.20000000", "5153.76000000"]]}
{"e": "depthUpdate", "E": 1727301948646, "s": "LINKUSDT", "U": 10473185058, "u": 10473185058, "b": [], "a": [["12.20000000", "5149.71000000"]]}
{"e": "depthUpdate", "E": 1727301949246, "s": "LINKUSDT", "U": 10473185059, "u": 10473185059, "b": [], "a": [["12.21000000", "14706.21000000"]]}
{"e": "depthUpdate", "E": 1727301949746, "s": "LINKUSDT", "U": 10473185060, "u": 10473185061, "b": [], "a": [["12.20000000", "5141.59000000"]]}
{"e": "depthUpdate", "E": 1727301949946, "s": "LINKUSDT", "U": 10473185062, "u": 10473185063, "b": [], "a": [["12.21000000", "14706.21000000"]]}
{"e": "depthUpdate", "E": 1727301950246, "s": "LINKUSDT", "U": 10473185064, "u": 10473185064, "b": [["12.19000000", "498.10000000"]], "a": []}
{"e": "depthUpdate", "E": 1727301950746, "s": "LINKUSDT", "U": 10473185065, "u": 10473185065, "b": [], "a": [["12.20000000", "5137.55000000"]]}
{"e": "depthUpdate", "E": 1727301950846, "s": "LINKUSDT", "U": 10473185066, "u": 10473185067, "b": [], "a": [["12.20000000", "5129.39000000"]]}
{"e": "depthUpdate", "E": 1727301951046, "s": "LINKUSDT", "U": 10473185068, "u": 10473185068, "b": [["12.19000000", "492.21000000"]], "a": []}
{"e": "depthUpdate", "E": 1727301951246, "s": "LINKUSDT", "U": 10473185069, "u": 10473185069, "b": [["12.19000000", "497.70000000"]], "a": []}
{"e": "depthUpdate", "E": 1727301953346, "s": "LINKUSDT", "U": 10473185070, "u": 10473185073, "b": [], "a": [["12.20000000", "5115.13000000"]]}
{"e": "depthUpdate", "E": 1727301953446, "s": "LINKUSDT", "U": 10473185074, "u": 10473185074, "b": [], "a": [["12.20000000", "5119.21000000"]]}
{"e": "depthUpdate", "E": 1727301953546, "s": "LINKUSDT", "U": 10473185075, "u": 10473185076, "b": [], "a": [["12.20000000", "5939.28000000"], ["12.21000000", "13886.13000000"]]}
{"e": "depthUpdate", "E": 1727301953846, "s": "LINKUSDT", "U": 10473185077, "u": 10473185077, "b": [["12.19000000", "497.07000000"]], "a": []}
{"e": "depthUpdate", "E": 1727301954046, "s": "LINKUSDT", "U": 10473185078, "u": 10473185078, "b": [], "a": [["12.20000000", "5943.35000000"]]}
{"e": "depthUpdate", "E": 1727301954246, "s": "LINKUSDT", "U": 10473185079, "u": 10473185079, "b": [], "a": [["12.20000000", "5947.44000000"]]}
{"e": "depthUpdate", "E": 1727301954546, "s": "LINKUSDT", "U": 10473185080, "u": 10473185080, "b": [], "a": [["12.20000000", "5949.46000000"]]}
{"e": "depthUpdate", "E": 1727301955246, "s": "LINKUSDT", "U": 10473185081, "u": 10473185082, "b": [["12.18000000", "10738.06000000"], ["12.17000000", "18697.81000000"]], "a": []}
{"e": "depthUpdate", "E": 1727301955446, "s": "LINKUSDT", "U": 10473185083, "u": 10473185084, "b": [], "a": [["12.21000000", "14214.10000000"], ["12.22000000", "12271.63000000"]]}
{"e": "depthUpdate", "E": 1727301956446, "s": "LINKUSDT", "U": 10473185085, "u": 10473185086, "b": [], "a": [["12.20000000", "5947.44000000"], ["12.65000000", "295.30000000"]]}
{"e": "depthUpdate", "E": 1727301956546, "s": "LINKUSDT", "U": 10473185087, "u": 10473185089, "b": [["12.04000000", "385.44000000"], ["12.02000000", "3224.21000000"], ["11.96000000", "105.04000000"]], "a": []}
{"e": "depthUpdate", "E": 1727301956646, "s": "LINKUSDT", "U": 10473185090, "u": 10473185091, "b": [["10.97000000", "66.75000000"]], "a": [["12.83000000", "52.43000000"]]}
{"e": "depthUpdate", "E": 1727301956846, "s": "LINKUSDT", "U": 10473185092, "u": 10473185094, "b": [], "a": [["12.20000000", "5124.37000000"], ["12.21000000", "15034.18000000"]]}
{"e": "depthUpdate", "E": 1727301956946, "s": "LINKUSDT", "U": 10473185095, "u": 10473185096, "b": [], "a": [["12.20000000", "5120.29000000"], ["13.01000000", "38.31000000"]]}
{"e": "depthUpdate", "E": 1727301957046, "s": "LINKUSDT", "U": 10473185097, "u": 10473185097, "b": [], "a": [["12.20000000", "5116.20000000"]]}
{"e": "depthUpdate", "E": 1727301957146, "s": "LINKUSDT", "U": 10473185098, "u": 10473185100, "b": [], "a": [["12.20000000", "5932.21000000"], ["12.21000000", "14214.10000000"]]}
{"e": "depthUpdate", "E": 1727301957346, "s": "LINKUSDT", "U": 10473185101, "u": 10473185101, "b": [["10.97000000", "67.75000000"]], "a": []}
{"e": "depthUpdate", "E": 1727301957446, "s": "LINKUSDT", "U": 10473185102, "u": 10473185102, "b": [], "a": [["12.65000000", "315.94000000"]]}
{"e": "depthUpdate", "E": 1727301957646, "s": "LINKUSDT", "U": 10473185103, "u": 10473185103, "b": [], "a": [["12.83000000", "64.81000000"]]}
{"e": "depthUpdate", "E": 1727301957746, "s": "LINKUSDT", "U": 10473185104, "u": 10473185134, "b": [["12.19000000", "658.95000000"], ["12.18000000", "10977.93000000"], ["12.16000000", "11968.99000000"]], "a": [["12.20000000", "5470.65000000"], ["12.21000000", "13642.42000000"], ["12.22000000", "13251.75000000"]]}
{"e": "depthUpdate", "E": 1727301957846, "s": "LINKUSDT", "U": 10473185135, "u": 10473185183, "b": [["12.19000000", "1067.24000000"], ["12.18000000", "11765.96000000"], ["12.17000000", "18621.96000000"], ["12.16000000", "11104.09000000"]], "a": [["12.20000000", "3744.52000000"], ["12.21000000", "14124.18000000"], ["12.22000000", "13211.96000000"], ["12.23000000", "12682.37000000"], ["13.01000000", "46.56000000"]]}
{"e": "depthUpdate", "E": 1727301957946, "s": "LINKUSDT", "U": 10473185184, "u": 10473185197, "b": [["12.19000000", "1111.87000000"], ["12.18000000", "11978.82000000"], ["12.16000000", "10891.23000000"], ["12.08000000", "936.84000000"], ["12.04000000", "350.44000000"]], "a": [["12.20000000", "3793.78000000"], ["12.22000000", "12885.94000000"], ["12.23000000", "13008.39000000"]]}
{"e": "depthUpdate", "E": 1727301958346, "s": "LINKUSDT", "U": 10473185198, "u": 10473185201, "b": [["12.12000000", "469.45000000"], ["12.03000000", "2703.59000000"], ["12.01000000", "5285.39000000"], ["11.95000000", "2206.89000000"]], "a": []}
{"e": "depthUpdate", "E": 1727301958546, "s": "LINKUSDT", "U": 10473185202, "u": 10473185204, "b": [["12.12000000", "481.44000000"]], "a": [["12.21000000", "14011.02000000"], ["12.23000000", "13121.55000000"]]}
{"e": "depthUpdate", "E": 1727301959146, "s": "LINKUSDT", "U": 10473185205, "u": 10473185206, "b": [["12.19000000", "1311.87000000"]], "a": [["12.22000000", "12847.35000000"]]}
{"e": "depthUpdate", "E": 1727301959246, "s": "LINKUSDT", "U": 10473185207, "u": 10473185210, "b": [["12.19000000", "1464.61000000"], ["12.18000000", "11826.08000000"]], "a": [["12.20000000", "3765.78000000"], ["12.23000000", "13159.95000000"]]}
{"e": "depthUpdate", "E": 1727301959346, "s": "LINKUSDT", "U": 10473185211, "u": 10473185212, "b": [], "a": [["12.21000000", "13798.16000000"], ["12.23000000", "13372.81000000"]]}
{"e": "depthUpdate", "E": 1727301959946, "s": "LINKUSDT", "U": 10473185213, "u": 10473185213, "b": [["12.19000000", "1609.61000000"]], "a": []}
{"e": "depthUpdate", "E": 1727301960046, "s": "LINKUSDT", "U": 10473185214, "u": 10473185216, "b": [], "a": [["12.21000000", "14060.50000000"], ["12.22000000", "13109.69000000"], ["12.23000000", "13635.15000000"]]}
{"e": "depthUpdate", "E": 1727301960246, "s": "LINKUSDT", "U": 10473185217, "u": 10473185217, "b": [["12.13000000", "6568.86000000"]], "a": []}
{"e": "depthUpdate", "E": 1727301960346, "s": "LINKUSDT", "U": 10473185218, "u": 10473185218, "b": [["12.12000000", "486.00000000"]], "a": []}
{"e": "depthUpdate", "E": 1727301960746, "s": "LINKUSDT", "U": 10473185219, "u": 10473185236, "b": [["12.19000000", "1678.93000000"], ["12.18000000", "12494.77000000"], ["12.17000000", "18273.42000000"], ["12.16000000", "10465.51000000"]], "a": [["12.20000000", "3668.89000000"]]}
{"e": "depthUpdate", "E": 1727301960846, "s": "LINKUSDT", "U": 10473185237, "u": 10473185310, "b": [["12.19000000", "2495.74000000"], ["12.18000000", "13221.80000000"], ["12.17000000", "21076.58000000"], ["12.16000000", "7050.90000000"], ["12.14000000", "1841.58000000"]], "a": [["12.20000000", "2075.47000000"], ["12.21000000", "13486.56000000"], ["12.22000000", "13066.83000000"], ["12.23000000", "14575.05000000"], ["12.24000000", "6512.13000000"]]}
{"e": "depthUpdate", "E": 1727301960946, "s": "LINKUSDT", "U": 10473185311, "u": 10473185317, "b": [["12.19000000", "2577.74000000"], ["12.17000000", "20953.00000000"], ["12.16000000", "6050.90000000"]], "a": [["12.20000000", "2094.45000000"]]}
{"e": "depthUpdate", "E": 1727301961046, "s": "LINKUSDT", "U": 10473185318, "u": 10473185381, "b": [["12.19000000", "3237.64000000"], ["12.18000000", "13901.18000000"], ["12.17000000", "19304.68000000"], ["12.16000000", "6070.90000000"]], "a": [["12.20000000", "1156.47000000"], ["12.21000000", "11515.41000000"], ["12.22000000", "12396.68000000"], ["12.23000000", "15167.61000000"], ["12.25000000", "781.03000000"], ["12.26000000", "6328.03000000"]]}
{"e": "depthUpdate", "E": 1727301961146, "s": "LINKUSDT", "U": 10473185382, "u": 10473185397, "b": [["12.19000000", "3610.73000000"], ["12.17000000", "19290.42000000"]], "a": [["12.20000000", "989.41000000"], ["12.21000000", "10789.16000000"], ["12.22000000", "12548.48000000"]]}
{"e": "depthUpdate", "E": 1727301961246, "s": "LINKUSDT", "U": 10473185398, "u": 10473185404, "b": [["12.19000000", "3586.52000000"], ["12.18000000", "14628.32000000"], ["12.17000000", "19304.67000000"], ["12.16000000", "5957.74000000"]], "a": [["12.20000000", "1038.67000000"]]}
{"e": "depthUpdate", "E": 1727301961346, "s": "LINKUSDT", "U": 10473185405, "u": 10473185408, "b": [["12.19000000", "3586.52000000"]], "a": [["12.20000000", "919.11000000"], ["12.22000000", "12542.54000000"]]}
{"e": "depthUpdate", "E": 1727301961446, "s": "LINKUSDT", "U": 10473185409, "u": 10473185418, "b": [["12.19000000", "3750.08000000"], ["12.15000000", "1989.54000000"], ["12.14000000", "1736.29000000"]], "a": []}
{"e": "depthUpdate", "E": 1727301961546, "s": "LINKUSDT", "U": 10473185419, "u": 10473185420, "b": [["12.19000000", "3902.82000000"], ["12.18000000", "14475.58000000"]], "a": []}
{"e": "depthUpdate", "E": 1727301961646, "s": "LINKUSDT", "U": 10473185421, "u": 10473185619, "b": [["12.20000000", "888.02000000"], ["12.19000000", "4147.57000000"], ["12.18000000", "16513.75000000"], ["12.17000000", "16669.86000000"], ["12.16000000", "5680.58000000"], ["12.15000000", "2204.40000000"], ["12.14000000", "1766.90000000"], ["12.13000000", "6323.06000000"]], "a": [["12.20000000", "0.00000000"], ["12.21000000", "9636.35000000"], ["12.22000000", "10516.08000000"], ["12.23000000", "16251.67000000"], ["12.24000000", "6817.93000000"], ["12.25000000", "1547.25000000"], ["12.26000000", "6357.46000000"], ["12.27000000", "263.96000000"]]}
{"e": "depthUpdate", "E": 1727301961746, "s": "LINKUSDT", "U": 10473185620, "u": 10473185666, "b": [["12.19000000", "4168.78000000"], ["12.18000000", "16447.45000000"], ["12.17000000", "16556.70000000"], ["12.16000000", "5755.52000000"]], "a": [["12.21000000", "8747.39000000"], ["12.22000000", "9567.16000000"], ["12.23000000", "16398.49000000"], ["12.24000000", "7569.11000000"]]}
{"e": "depthUpdate", "E": 1727301961846, "s": "LINKUSDT", "U": 10473185667, "u": 10473185671, "b": [["12.17000000", "16594.45000000"], ["11.92000000", "418.23000000"]], "a": [["12.27000000", "248.28000000"]]}
{"e": "depthUpdate", "E": 1727301961946, "s": "LINKUSDT", "U": 10473185672, "u": 10473185672, "b": [], "a": [["12.21000000", "8771.26000000"]]}
{"e": "depthUpdate", "E": 1727301962046, "s": "LINKUSDT", "U": 10473185673, "u": 10473185684, "b": [["12.19000000", "4558.78000000"], ["12.17000000", "16614.45000000"], ["12.16000000", "5345.52000000"]], "a": [["12.21000000", "8771.26000000"], ["12.22000000", "9567.16000000"], ["12.23000000", "16398.49000000"], ["12.25000000", "1568.58000000"], ["12.33000000", "188.89000000"]]}
{"e": "depthUpdate", "E": 1727301962146, "s": "LINKUSDT", "U": 10473185685, "u": 10473185686, "b": [["12.18000000", "16447.03000000"], ["12.17000000", "16594.45000000"]], "a": []}
{"e": "depthUpdate", "E": 1727301962246, "s": "LINKUSDT", "U": 10473185687, "u": 10473185782, "b": [["12.20000000", "1053.78000000"], ["12.19000000", "6182.99000000"], ["12.18000000", "15552.18000000"], ["12.17000000", "15151.80000000"], ["12.16000000", "5232.46000000"], ["12.12000000", "474.01000000"]], "a": [["12.21000000", "5525.11000000"], ["12.22000000", "9788.54000000"], ["12.23000000", "17233.73000000"], ["12.24000000", "8433.39000000"], ["12.44000000", "145.45000000"]]}
{"e": "depthUpdate", "E": 1727301962346, "s": "LINKUSDT", "U": 10473185783, "u": 10473185853, "b": [["12.20000000", "1237.37000000"], ["12.19000000", "9253.71000000"], ["12.18000000", "15009.29000000"], ["12.17000000", "13366.34000000"], ["12.16000000", "5001.12000000"], ["11.94000000", "338.39000000"]], "a": [["12.21000000", "4590.54000000"], ["12.22000000", "8775.41000000"], ["12.23000000", "18361.32000000"], ["12.24000000", "8721.03000000"]]}
{"e": "depthUpdate", "E": 1727301962446, "s": "LINKUSDT", "U": 10473185854, "u": 10473185940, "b": [["12.20000000", "1560.84000000"], ["12.19000000", "10498.39000000"], ["12.18000000", "12213.36000000"], ["12.17000000", "14347.95000000"]], "a": [["12.21000000", "3941.91000000"], ["12.22000000", "10195.55000000"], ["12.23000000", "17800.73000000"], ["12.24000000", "9334.26000000"], ["12.25000000", "1980.67000000"]]}
{"e": "depthUpdate", "E": 1727301962546, "s": "LINKUSDT", "U": 10473185941, "u": 10473186003, "b": [["12.20000000", "3273.79000000"], ["12.19000000", "11072.37000000"], ["12.18000000", "11205.18000000"], ["12.17000000", "14181.66000000"], ["12.15000000", "2105.59000000"], ["12.13000000", "6334.89000000"]], "a": [["12.21000000", "2539.25000000"], ["12.22000000", "10417.80000000"], ["12.23000000", "16489.72000000"], ["12.24000000", "9528.08000000"], ["12.25000000", "3210.65000000"]]}
